Date,Description,Debit,Credit,Balance
02/01/2017,Af Fitness Group Payroll,,433.09,1483.49,
06/01/2017,Eftpos Purchase               06Jan11:55 Jay Jays 743       \West Lakes        Au,52.43,,1431.06,
09/01/2017,Af Fitness Group Payroll,,448.83,1879.89,
10/01/2017,Black Bull Hotel Ad103511    000156,,396.57,2276.46,
16/01/2017,Atm Withdrawal                16Jan17:35 Cexp Rose Park         Rose Park    05Au,80.00,,2196.46,
16/01/2017,Atm Operator Fee Wdl          16Jan17:35 Cexp Rose Park         Rose Park    05Au,2.50,,2193.96,
16/01/2017,Af Fitness Group Payroll,,577.61,2771.57,
17/01/2017,Eftpos Purchase               17Jan17:00 Reid Cycles              Adelaide  Sa Au,374.99,,2396.58,
17/01/2017,Eftpos Purchase               17Jan17:02 Reid Cycles              Adelaide  Sa Au,35.99,,2360.59,
17/01/2017,Visa Purchase                 15Jan Paypal *Optus Prepa  402935773,30.00,,2330.59,
20/01/2017,Eftpos Purchase               20Jan16:40 The Athletes Foot We  West Lakes   Sa Au,120.00,,2210.59,
23/01/2017,Eftpos Purchase               22Jan12:50 Kmart 1021               West Lakes   Au,20.00,,2190.59,
23/01/2017,Af Fitness Group Payroll,,645.27,2835.86,
24/01/2017,Visa Purchase                 22Jan Paypal *Giroaus      402935773,24.95,,2810.91,
24/01/2017,Visa Purchase                 22Jan Paypal *Shenzhenest  402935773,14.26,,2796.65,
24/01/2017,Visa Purchase                 22Jan Paypal *Lsf7711      402935773,9.37,,2787.28,
24/01/2017,Visa Purchase                 22Jan Paypal *Huangjiayan  402935773,5.38,,2781.90,
25/01/2017,Visa Purchase                 24Jan Ezidebit Mb Healthfi Fortitude,73.59,,2708.31,
27/01/2017,Visa Purchase                 25Jan Texas Peak Pty Ltd   Tullamari,75.00,,2633.31,
30/01/2017,Af Fitness Group Payroll,,661.99,3295.30,
31/01/2017,Eftpos Purchase               31Jan16:52 Kangaroo Island Fres     Kingscote    Au,16.50,,3278.80,
31/01/2017,Black Bull Hotel Ad103511    000156,,138.28,3417.08,
31/01/2017,Visa Purchase                 28Jan Paypal *Kangarooisl  402935773,76.00,,3341.08,
31/01/2017,Visa Purchase                 29Jan Alibaba Kabab House  Laide,10.00,,3331.08,
31/01/2017,Visa Purchase                 29Jan Paypal *Tomtoptechn  755839989,4.04,,3327.04,
04/02/2017,Eftpos Purchase               04Feb20:53 South Australian Ice     Thebarton Sa Au,15.00,,3312.04,
06/02/2017,Internet Withdrawal           06Feb09:41 From Jacko,51.00,,3261.04,
06/02/2017,Af Fitness Group Payroll,,502.69,3763.73,
11/02/2017,Eftpos Purchase               11Feb12:44 Coles 0455               West Lakes   Au,2.25,,3761.48,
13/02/2017,Eftpos Purchase               12Feb19:15 Adelaide Pho             Adelaide  Sa Au,26.50,,3734.98,
13/02/2017,Eftpos Refund                 13Feb13:31 Reid Cycles              Adelaide  Sa Au,,71.18,3806.16,
13/02/2017,Af Fitness Group Payroll,,545.37,4351.53,
14/02/2017,Black Bull Hotel Ad103511    000156,,143.01,4494.54,
15/02/2017,Visa Purchase                 13Feb Paypal *Optus Prepa  402935773,30.00,,4464.54,
16/02/2017,Eftpos Purchase               16Feb16:58 Coles 0455               West Lakes   Au,3.00,,4461.54,
16/02/2017,Visa Purchase                 14Feb Paypal *Lovemyhomea  402935773,4.90,,4456.64,
20/02/2017,Eftpos Purchase               19Feb05:07 Caltex West Hindmarsh    West Hindmsa Au,10.06,,4446.58,
20/02/2017,Af Fitness Group Payroll,,421.34,4867.92,
21/02/2017,Black Bull Hotel Ad103511    000156,,212.74,5080.66,
22/02/2017,Visa Purchase                 20Feb Paypal *Dwi          402935773,495.00,,4585.66,
22/02/2017,Visa Purchase                 20Feb Paypal *Lisuntech    402935773,7.99,,4577.67,
24/02/2017,Internet Withdrawal           23Feb23:38 For Interest,3000.00,,1577.67,
24/02/2017,Eftpos Purchase               24Feb14:52 Woolworths      5317  Rundle Mall  Sa Au,1.75,,1575.92,
25/02/2017,Eftpos Purchase               25Feb08:45 Skybus Coach Service     Melbourne Vicau,36.00,,1539.92,
25/02/2017,Eftpos Purchase               25Feb10:28 Woolworths      3999  St Kilda Wes Vicau,13.00,,1526.92,
25/02/2017,Atm Withdrawal                25Feb14:51 The Barkly Public Bar    Tba          Au,100.00,,1426.92,
25/02/2017,Atm Operator Fee Wdl          25Feb14:51 The Barkly Public Bar    Tba          Au,2.90,,1424.02,
25/02/2017,Visa Purchase                 24Feb Ezidebit Mb Healthfi Fortitude,73.59,,1350.43,
27/02/2017,Eftpos Purchase               26Feb15:39 The Corner Hotel         Richmond  Vicau,13.00,,1337.43,
27/02/2017,Af Fitness Group Payroll,,328.05,1665.48,
28/02/2017,Eftpos Purchase               28Feb15:18 The Sports Hub        Adelaide Uni Sa Au,340.00,,1325.48,
01/03/2017,Eftpos Purchase               01Mar12:24 Woolworths      5317  Rundle Mall  Sa Au,8.25,,1317.23,
01/03/2017,Eftpos Purchase               01Mar12:37 Woolworths      5317  Rundle Mall  Sa Au,2.50,,1314.73,
01/03/2017,Cba Gym On Brebner,,73.60,1388.33,
02/03/2017,Eftpos Purchase               02Mar17:47 Woolworths      5317  Rundle Mall  Sa Au,4.75,,1383.58,
04/03/2017,Eftpos Purchase               04Mar09:34 Bp Glengowrie 7674 \Glengowrie        Au,40.00,,1343.58,
06/03/2017,Af Fitness Group Payroll,,175.00,1518.58,
07/03/2017,Internet Withdrawal           07Mar15:10 Balance,151.39,,1367.19,
07/03/2017,Black Bull Hotel Ad103511    000156,,138.28,1505.47,
08/03/2017,Eftpos Purchase               08Mar16:24 The General              Adelaide  Sa Au,3.20,,1502.27,
11/03/2017,Visa Purchase                 09Mar Paypal *Gattisports  402935773,75.00,,1427.27,
13/03/2017,Af Fitness Group Payroll,,175.00,1602.27,
14/03/2017,Black Bull Hotel Ad103511    000156,,146.55,1748.82,
16/03/2017,Visa Purchase                 14Mar Paypal *Optus Prepa  402935773,30.00,,1718.82,
17/03/2017,Internet Withdrawal           17Mar22:03 Balance,182.54,,1536.28,
20/03/2017,Af Fitness Group Payroll,,177.15,1713.43,
21/03/2017,Eftpos Purchase               21Mar18:00 Kathmandu Pty Limite     Adelaide  Sa Au,85.97,,1627.46,
21/03/2017,Black Bull Hotel Ad103511    000156,,99.28,1726.74,
25/03/2017,Eftpos Purchase               25Mar02:37 Mcdonalds Hindley St  Adelaide     Sa Au,16.60,,1710.14,
25/03/2017,Eftpos Purchase               25Mar04:09 Taxi Epay Australia   West Melbournvicau,43.29,,1666.85,
27/03/2017,Af Fitness Group Payroll,,175.00,1841.85,
28/03/2017,Black Bull Hotel Ad103511    000156,,174.92,2016.77,
03/04/2017,Af Fitness Group Payroll,,175.00,2191.77,
04/04/2017,Eftpos Purchase               03Apr23:43 Adelaide Metrocard       Adelaide     Au,50.00,,2141.77,
04/04/2017,Black Bull Hotel Ad103511    000156,,276.29,2418.06,
06/04/2017,Eftpos Purchase               06Apr11:53 Officeworks 0505         Croydon      Au,32.95,,2385.11,
07/04/2017,Eftpos Purchase               07Apr20:29 Woolworths      5317  Rundle Mall  Sa Au,29.78,,2355.33,
10/04/2017,Af Fitness Group Payroll,,65.61,2420.94,
11/04/2017,Visa Purchase                 08Apr University Of Adelai Adleiade,330.00,,2090.94,
18/04/2017,Eftpos Purchase               16Apr04:42 Bp Mile End 5937   \Mile End          Au,39.20,,2051.74,
18/04/2017,Eftpos Purchase               18Apr13:36 Whetlam Pty Ltd          Adelaide Uni Au,4.10,,2047.64,
18/04/2017,Visa Purchase                 14Apr Paypal *Optus Prepa  402935773,30.00,,2017.64,
19/04/2017,Black Bull Hotel Ad103511    000156,,275.38,2293.02,
21/04/2017,Eftpos Purchase               21Apr14:41 Just Guys Pty Ltd     Adelaide     Sa Au,30.00,,2263.02,
22/04/2017,Internet Withdrawal           22Apr00:05 Balance,1491.89,,771.13,
24/04/2017,Eftpos Purchase               22Apr21:44 1-Stop Convenience       Adelaide     Au,8.59,,762.54,
24/04/2017,Black Bull Hotel Ad103511    000156,,189.49,952.03,
24/04/2017,Af Fitness Group Payroll,,65.61,1017.64,
28/04/2017,Eftpos Purchase               28Apr16:33 Woolworths      5317  Rundle Mall  Sa Au,4.00,,1013.64,
28/04/2017,Eftpos Purchase               28Apr19:33 David Jones Limited      Adelaide  Sa Au,69.95,,943.69,
28/04/2017,Eftpos Purchase               28Apr20:07 Yd Pty Ltd 303           Adelaide  Sa Au,150.00,,793.69,
28/04/2017,Visa Purchase                 26Apr University Of Adelai Adleiade,10.00,,783.69,
01/05/2017,Af Fitness Group Payroll,,175.00,958.69,
01/05/2017,Visa Purchase                 28Apr Paypal *Adelaideuni  402935773,70.00,,888.69,
02/05/2017,Internet Withdrawal           02May10:06 From Jess,250.00,,638.69,
02/05/2017,Eftpos Purchase               02May15:17 Woolworths      5317  Rundle Mall  Sa Au,20.10,,618.59,
02/05/2017,Black Bull Hotel Ad103511    000156,,160.74,779.33,
08/05/2017,Af Fitness Group Payroll,,194.40,973.73,
09/05/2017,Black Bull Hotel Ad103511    000156,,182.01,1155.74,
10/05/2017,Internet Withdrawal           10May16:30 Tracksuit Money X3,105.00,,1050.74,
12/05/2017,Eftpos Purchase               12May20:16 Fasta Pasta Mile End  Mile End     Sa Au,26.80,,1023.94,
16/05/2017,Cash Deposit,,2900.00,3923.94,
16/05/2017,Black Bull Hotel Ad103511    000156,,189.49,4113.43,
18/05/2017,Visa Purchase                 15May Paypal *Optus Prepa  402935773,30.00,,4083.43,
20/05/2017,Eftpos Purchase               20May10:29 Coles Express 1972    Woodville       Au,39.77,,4043.66,
22/05/2017,Eftpos Purchase               22May12:56 Adelaide Metrocard    Adelaide        Au,50.00,,3993.66,
22/05/2017,Af Fitness Group Payroll,,194.40,4188.06,
23/05/2017,Atm Deposit                   23May10:53 Banksa                Adelaide0450263585,,50.00,4238.06,
23/05/2017,Black Bull Hotel Ad103511    000156,,198.56,4436.62,
23/05/2017,Visa Purchase                 20May Paypal *Uberaustral  402935773,9.97,,4426.65,
26/05/2017,Visa Purchase                 24May University Of Adelai Adleiade,6.00,,4420.65,
27/05/2017,Eftpos Purchase               27May17:53 Wokinabox             Adelaide     Sa Au,14.95,,4405.70,
27/05/2017,Eftpos Purchase               27May18:26 Adelaide University   North Adelai    Au,4.00,,4401.70,
27/05/2017,Eftpos Purchase               27May19:15 Adelaide University   North Adelai    Au,4.00,,4397.70,
27/05/2017,Eftpos Purchase               27May20:29 Adelaide University   North Adelai    Au,5.00,,4392.70,
29/05/2017,Eftpos Purchase               28May05:46 Mcdonalds Hindley St  Adelaide     Sa Au,11.00,,4381.70,
29/05/2017,Af Fitness Group Payroll,,194.40,4576.10,
30/05/2017,Black Bull Hotel Ad103511    000156,,187.92,4764.02,
31/05/2017,Eftpos Purchase               31May15:37 The General           Adelaide     Sa Au,5.00,,4759.02,
02/06/2017,Internet Withdrawal           02Jun08:47 To 105-009 113840440,4000.00,,759.02,
03/06/2017,Visa Purchase                 02Jun Adelaide Uni Sports  Adelaide,400.00,,359.02,
05/06/2017,Af Fitness Group Payroll,,194.40,553.42,
06/06/2017,Black Bull Hotel Ad103511    000156,,187.04,740.46,
10/06/2017,Eftpos Purchase               10Jun15:05 Kathmandu Pty Limite  Adelaide     Sa Au,100.00,,640.46,
10/06/2017,Eftpos Purchase               10Jun15:09 Kmart 1211            Adelaide        Au,8.00,,632.46,
10/06/2017,Eftpos Purchase               10Jun15:14 The Greeting Card Ba  Adelaide     Sa Au,5.99,,626.47,
12/06/2017,Eftpos Purchase               12Jun07:00 Mcdonalds Hindley St  Adelaide     Sa Au,12.25,,614.22,
12/06/2017,Af Fitness Group Payroll,,72.93,687.15,
13/06/2017,Black Bull Hotel Ad103511    000156,,195.60,882.75,
13/06/2017,Visa Purchase                 10Jun Paypal *Uber Au      402935773,9.09,,873.66,
16/06/2017,Eftpos Purchase               16Jun17:07 Connor Clothing Pty   Adelaide     Sa Au,89.98,,783.68,
16/06/2017,Visa Purchase                 14Jun Paypal *Optus Prepa  402935773,30.00,,753.68,
17/06/2017,Eftpos Purchase               16Jun23:23 Bpampm Westlakes 77\West Lakes        Au,34.23,,719.45,
19/06/2017,Af Fitness Group Payroll,,194.40,913.85,
19/06/2017,Visa Purchase                 15Jun Paypal *Uber Au      402935773,20.04,,893.81,
20/06/2017,Black Bull Hotel Ad103511    000156,,501.58,1395.39,
20/06/2017,Visa Purchase                 16Jun Coca-Cola Amatil     Adelaide,3.50,,1391.89,
21/06/2017,Eftpos Purchase               20Jun22:50 Adelaide Metrocard    Adelaide        Au,50.00,,1341.89,
27/06/2017,Black Bull Hotel Ad103511    000156,,190.28,1532.17,
28/06/2017,Eftpos Purchase               28Jun11:46 Just Guys Pty Ltd     Adelaide     Sa Au,28.00,,1504.17,
28/06/2017,Eftpos Purchase               28Jun11:55 Woolworths      5317  Rundle Mall  Sa Au,11.00,,1493.17,
29/06/2017,Eftpos Purchase               29Jun19:55 Subway Rundle Street  Adelaide        Au,10.50,,1482.67,
01/07/2017,Eftpos Purchase               01Jul17:19 Liberty Port Adelaide Port Adelaidesa Au,22.74,,1459.93,
01/07/2017,Eftpos Purchase               01Jul19:44 General Havelock Pty Ladelaide     Sa Au,15.00,,1444.93,
03/07/2017,Eftpos Purchase               03Jul15:28 Woolworths      5623  West Lakes   Sa Au,24.00,,1420.93,
03/07/2017,Eftpos Purchase               03Jul19:36 N N Quan Pty Ltd      Ferryden Par    Au,59.50,,1361.43,
08/07/2017,Eftpos Purchase               08Jul19:08 General Havelock Pty Ladelaide     Sa Au,10.00,,1351.43,
10/07/2017,Eftpos Purchase               10Jul10:32 The Java Hut Pty Ltd  Gawler       Sa Au,35.00,,1316.43,
10/07/2017,Visa Purchase                 07Jul Paypal *Servingitri  402935773,37.15,,1279.28,
11/07/2017,Visa Purchase                 08Jul Aust Federal Police  Sydney,42.19,,1237.09,
14/07/2017,Eftpos Purchase               14Jul18:34 The Bartley Tavern    West Lakes Shsa Au,21.00,,1216.09,
14/07/2017,Eftpos Purchase               14Jul18:52 The Bartley Tavern    West Lakes Shsa Au,13.50,,1202.59,
14/07/2017,Blackbull Hotel Wages Bb Backpay,,417.71,1620.30,
15/07/2017,Eftpos Purchase               15Jul10:29 X Convenience Semaphorexeter       Sa Au,42.48,,1577.82,
17/07/2017,Eftpos Purchase               16Jul15:39 I Lovmi Pty Ltd       West Lakes   Sa Au,35.00,,1542.82,
17/07/2017,Black Bull Hotel Black Bull Pay,,186.78,1729.60,
18/07/2017,Visa Purchase                 15Jul Paypal *Optus Prepa  402935773,30.00,,1699.60,
18/07/2017,Visa Purchase                 16Jul Paypal *Yanglili     402935773,10.63,,1688.97,
18/07/2017,Visa Purchase O/Seas          15Jul Cad226.00 Citizen&Imm-Eapps En,229.91,,1459.06,
18/07/2017,Foreign Currency Conversn Fee,6.89,,1452.17,
21/07/2017,Eftpos Purchase               21Jul10:21 Dental Corporation \/L West Lakes     Au,182.90,,1269.27,
21/07/2017,Eftpos Purchase               21Jul10:33 Kathmandu Pty Limite  West Lakes   Sa Au,17.98,,1251.29,
21/07/2017,Eftpos Purchase               21Jul11:00 The Reject Shop       West Lakes      Au,2.00,,1249.29,
21/07/2017,Atm Deposit                   21Jul11:27 Banksa                West Lak0450263585,,60.00,1309.29,
21/07/2017,Internet Withdrawal           21Jul22:02 Ur A Smely Pirate Hooker,32.00,,1277.29,
22/07/2017,Eftpos Purchase               22Jul18:52 Mighty Good Pr1173061 Hilton5         Au,5.50,,1271.79,
22/07/2017,Eftpos Purchase               22Jul21:39 Hindley St Express Su Adelaide     Sa Au,5.50,,1266.29,
24/07/2017,Black Bull Hotel Black Bull Pay,,193.28,1459.57,
26/07/2017,Eftpos Purchase               26Jul09:46 Macpac Adelaide       Adelaide     Sa Au,179.99,,1279.58,
26/07/2017,Internet Withdrawal           26Jul15:07 Pub Crawl A1686411,20.00,,1259.58,
26/07/2017,Visa Purchase                 24Jul Paypal *Sunnycomput  402935773,6.95,,1252.63,
26/07/2017,Visa Purchase                 24Jul Paypal *Lin Yao      402935773,2.66,,1249.97,
27/07/2017,Eftpos Refund                 27Jul09:48 Macpac Adelaide       Adelaide     Sa Au,,179.99,1429.96,
27/07/2017,Eftpos Purchase               27Jul09:55 Mountain Designs      Adelaide     Sa Au,132.97,,1296.99,
28/07/2017,Eftpos Purchase               28Jul11:30 Subway Rundle Street  Adelaide        Au,10.75,,1286.24,
28/07/2017,Eftpos Purchase               28Jul12:41 Cotton On Mega        West Lakes      Au,89.95,,1196.29,
28/07/2017,Eftpos Purchase               28Jul12:56 Pricesavers Westlake  West Lakes   Sa Au,23.00,,1173.29,
28/07/2017,Eftpos Purchase               28Jul13:10 Target 5394           West Lakes      Au,15.00,,1158.29,
28/07/2017,Eftpos Purchase               28Jul13:21 West Lakes Yoghurt    West Lakes      Au,10.10,,1148.19,
28/07/2017,Eftpos Purchase               28Jul13:56 Kmart 1021            West Lakes      Au,10.00,,1138.19,
28/07/2017,Eftpos Purchase               28Jul19:07 Mawson Lakes Hotel    Mawson Lakes Sa Au,16.40,,1121.79,
29/07/2017,Visa Purchase                 27Jul Paypal *Adelaideuni  402935773,100.00,,1021.79,
31/07/2017,Eftpos Purchase               30Jul01:44 Red Square Entertai\Adelaide          Au,20.00,,1001.79,
31/07/2017,Atm Withdrawal                30Jul02:04 Red Sq Entertainment #2Adelaide     05Au,60.00,,941.79,
31/07/2017,Atm Operator Fee Wdl          30Jul02:04 Red Sq Entertainment #2Adelaide     05Au,2.90,,938.89,
31/07/2017,Eftpos Purchase               30Jul03:15 Hindley Management P  Adelaide        Au,25.50,,913.39,
01/08/2017,Visa Purchase                 29Jul Paypal *Uber Au      402935773,40.32,,873.07,
05/08/2017,Eftpos Purchase               05Aug18:34 Bombay Bicycle Club   Ovingham     Sa Au,13.50,,859.57,
07/08/2017,Black Bull Hotel Black Bull Pay,,210.96,1070.53,
09/08/2017,Atm Deposit                   09Aug12:16 Banksa                Adelaide0450263585,,70.00,1140.53,
09/08/2017,Eftpos Purchase               09Aug12:33 Woolworths      5317  Rundle Mall  Sa Au,22.30,,1118.23,
10/08/2017,Eftpos Purchase               10Aug09:04 The Sports Hub        Adelaide Uni Sa Au,4.50,,1113.73,
10/08/2017,Eftpos Purchase               10Aug17:45 Adelaide Metrocard    Adelaide        Au,50.00,,1063.73,
12/08/2017,Internet Withdrawal           12Aug16:25 Cash Out,80.00,,983.73,
14/08/2017,Black Bull Hotel Black Bull Pay,,203.86,1187.59,
15/08/2017,Visa Purchase                 12Aug Paypal *Optus Prepa  402935773,30.00,,1157.59,
17/08/2017,Internet Withdrawal           17Aug21:57 Nursing Balls,69.13,,1088.46,
18/08/2017,Visa Credit Overseas          16Aug Cad126.00 Citizen&Imm-Eapps En,,125.55,1214.01,
19/08/2017,Eftpos Purchase               19Aug10:16 Australian Red Cross Sadelaide     Sa Au,36.20,,1177.81,
19/08/2017,Eftpos Purchase               19Aug10:32 Amart Adelaide Cbd    Adelaide        Au,76.00,,1101.81,
21/08/2017,Black Bull Hotel Black Bull Pay,,219.80,1321.61,
22/08/2017,Eftpos Purchase               22Aug12:03 He University Of Ade  Adelaide Uni Sa Au,13.00,,1308.61,
22/08/2017,Eftpos Purchase               22Aug12:09 He University Of Ade  Adelaide Uni Sa Au,18.00,,1290.61,
25/08/2017,Eftpos Purchase               25Aug15:21 Target 5394           West Lakes      Au,15.00,,1275.61,
25/08/2017,Eftpos Purchase               25Aug16:07 Babylon Barbers       West Lakes   Sa Au,28.00,,1247.61,
26/08/2017,Eftpos Purchase               26Aug10:27 The Bartley Tavern    West Lakes Shsa Au,62.96,,1184.65,
28/08/2017,Internet Withdrawal           28Aug17:43 To 484-799 453242790,106.01,,1078.64,
31/08/2017,Internet Withdrawal           30Aug23:35 To 105-009 112287940,25.00,,1053.64,
31/08/2017,Internet Withdrawal           30Aug23:35 To 105-008 091159640,50.00,,1003.64,
02/09/2017,Visa Credit Overseas          31Aug Cad100.00 Citizen&Imm-Eapps En,,99.94,1103.58,
04/09/2017,Eftpos Purchase               04Sep21:30 Adelaide Metrocard    Adelaide        Au,30.00,,1073.58,
04/09/2017,Black Bull Hotel Black Bull Pay,,328.83,1402.41,
09/09/2017,Visa Purchase                 07Sep Paypal *Optus Prepa  402935773,30.00,,1372.41,
11/09/2017,Black Bull Hotel Black Bull Pay,,212.41,1584.82,
16/09/2017,Eftpos Purchase               15Sep23:50 Adelaide Metrocard    Adelaide        Au,30.00,,1554.82,
16/09/2017,Eftpos Purchase               16Sep21:26 Its Convenient 2 Pty  Adelaide        Au,8.95,,1545.87,
16/09/2017,Eftpos Purchase               16Sep21:30 Subway Hindley Stree  Adelaide        Au,10.75,,1535.12,
18/09/2017,Eftpos Purchase               18Sep02:40 Sai Trading (Sa) Pty  Woodville       Au,40.18,,1494.94,
18/09/2017,Black Bull Hotel Black Bull Pay,,203.86,1698.80,
20/09/2017,Visa Purchase                 18Sep Paypal *Is Shop      402935773,12.89,,1685.91,
25/09/2017,Eftpos Purchase               23Sep22:06 Tijuana Showgirls Pt  Adelaide     Sa Au,24.00,,1661.91,
25/09/2017,Eftpos Purchase               23Sep22:45 Tijuana Showgirls Pt  Adelaide     Sa Au,36.00,,1625.91,
25/09/2017,Eftpos Purchase               24Sep01:23 Taxi Epay Australia   West Melbournvicau,42.44,,1583.47,
25/09/2017,Internet Withdrawal           24Sep12:49 Nb Voucher,25.00,,1558.47,
25/09/2017,Eftpos Purchase               24Sep13:04 General Havelock Pty Ladelaide     Sa Au,40.00,,1518.47,
25/09/2017,Eftpos Purchase               24Sep17:44 Caltex Adelaide Hutt Sadelaide     Sa Au,5.40,,1513.07,
26/09/2017,Eftpos Purchase               26Sep09:26 Mcdonalds Rundle M E  Adelaide     Sa Au,8.30,,1504.77,
26/09/2017,Eftpos Purchase               26Sep09:44 Coles 4964            Adelaide        Au,6.90,,1497.87,
26/09/2017,Visa Purchase                 25Sep Firefly Coaches      Maidstone,230.00,,1267.87,
27/09/2017,Atm Withdrawal                27Sep19:34 Banksa                Adelaide     5  Au,150.00,,1117.87,
28/09/2017,Eftpos Purchase               28Sep19:15 The Bartley Tavern    West Lakes Shsa Au,62.00,,1055.87,
29/09/2017,Eftpos Purchase               29Sep12:29 The Afl Stores        Adelaide     Sa Au,24.99,,1030.88,
29/09/2017,Eftpos Purchase               29Sep19:13 Woolworths      5317  Rundle Mall  Sa Au,4.00,,1026.88,
30/09/2017,Eftpos Purchase               30Sep07:04 Discovery Melbourn \Melbourne         Au,12.36,,1014.52,
30/09/2017,Eftpos Purchase               30Sep09:18 Discovery Melbourn \Melbourne         Au,36.40,,978.12,
30/09/2017,Atm Withdrawal                30Sep08:33 Hotel Discovery 1      Melbourne    03Au,20.00,,958.12,
30/09/2017,Atm Operator Fee Wdl          30Sep08:33 Hotel Discovery 1      Melbourne    03Au,3.00,,955.12,
30/09/2017,Eftpos Purchase               30Sep12:08 Spotless Facility Mcg Melbourne    Vicau,24.00,,931.12,
30/09/2017,Eftpos Purchase               30Sep14:24 Spotless Facility Mcg Melbourne    Vicau,4.20,,926.92,
30/09/2017,Eftpos Purchase               30Sep20:31 7-Eleven 1144         Melbourne       Au,13.00,,913.92,
30/09/2017,Eftpos Purchase               30Sep20:36 Bws Liquor      3814  Literature L Vicau,19.50,,894.42,
02/10/2017,Eftpos Purchase               01Oct01:41 Lord Of St Kilda Pl   St Kilda     Vicau,10.00,,884.42,
02/10/2017,Eftpos Purchase               01Oct13:17 Royal City Oriental   Melbourne    Vicau,30.00,,854.42,
02/10/2017,Eftpos Purchase               01Oct14:55 Fattorini Pty Ltd     Melbourne       Au,21.80,,832.62,
06/10/2017,Visa Purchase                 04Oct Paypal *Newbalancea  402935773,60.00,,772.62,
07/10/2017,Eftpos Purchase               07Oct16:44 Haigh Retail Pty Ltd  Adelaide     Sa Au,17.51,,755.11,
07/10/2017,Eftpos Purchase               07Oct16:50 Hindley St Express Su Adelaide     Sa Au,8.10,,747.01,
09/10/2017,Black Bull Hotel Black Bull Pay,,368.40,1115.41,
11/10/2017,Visa Purchase                 09Oct Paypal *Optus Prepa  402935773,30.00,,1085.41,
12/10/2017,Visa Credit                   09Oct Paypal *Is Shop      402935773,,12.89,1098.30,
12/10/2017,Visa Purchase                 10Oct Adelaide Metro       Adelaide,15.00,,1083.30,
13/10/2017,Visa Purchase                 11Oct Adelaide Metro       Adelaide,20.00,,1063.30,
16/10/2017,Eftpos Purchase               16Oct12:39 Cwh Gawler Pl      \                  Au,14.99,,1048.31,
16/10/2017,Eftpos Purchase               16Oct13:59 Ocean Three P/L    \West Lakes        Au,9.00,,1039.31,
16/10/2017,Eftpos Purchase               16Oct14:12 Kmart 1021            West Lakes      Au,3.75,,1035.56,
16/10/2017,Eftpos Purchase               16Oct14:28 Babylon Barbers       West Lakes   Sa Au,28.00,,1007.56,
16/10/2017,Eftpos Purchase               16Oct14:45 Target 5394           West Lakes      Au,54.35,,953.21,
16/10/2017,Eftpos Purchase               16Oct14:46 Target 5394           West Lakes      Au,20.00,,933.21,
16/10/2017,Black Bull Hotel Black Bull Pay,,322.13,1255.34,
17/10/2017,Transfer To A/C,250.00,,1005.34,
18/10/2017,Eftpos Purchase               18Oct09:52 Terry White Chmrt Rnd Adelaide     Sa Au,12.99,,992.35,
20/10/2017,Visa Purchase                 19Oct Obikeaudeposit       Canberra,9.90,,982.45,
21/10/2017,Eftpos Purchase               21Oct11:24 The Javahut           Gawler       Sa Au,36.50,,945.95,
21/10/2017,Eftpos Purchase               21Oct18:57 Cathedral Pub Pl      North Adelaidsa Au,8.00,,937.95,
21/10/2017,Eftpos Purchase               21Oct19:21 Cathedral Pub Pl      North Adelaidsa Au,8.00,,929.95,
21/10/2017,Eftpos Purchase               21Oct21:02 Cathedral Pub Pl      North Adelaidsa Au,4.00,,925.95,
23/10/2017,Black Bull Hotel Black Bull Pay,,379.14,1305.09,
24/10/2017,Eftpos Purchase               24Oct12:39 Singapore Delights    Adelaide        Au,10.65,,1294.44,
24/10/2017,Eftpos Purchase               24Oct12:42 Zhiai Pty Ltd         Adelaide     Sa Au,7.20,,1287.24,
24/10/2017,Eftpos Purchase               24Oct12:49 Zhiai Pty Ltd         Adelaide     Sa Au,9.00,,1278.24,
24/10/2017,Visa Purchase                 21Oct Yellow Cab Sa 132227 Glandore,7.81,,1270.43,
30/10/2017,Eftpos Purchase               30Oct10:08 Liberty Golden Grov\Golden Grove      Au,41.31,,1229.12,
30/10/2017,Black Bull Hotel Black Bull Pay,,384.62,1613.74,
31/10/2017,Visa Purchase                 28Oct City Of West Torrens Hilton,156.00,,1457.74,
02/11/2017,Visa Purchase                 31Oct University Of Adelai Adleiade,6.00,,1451.74,
02/11/2017,Visa Purchase                 31Oct University Of Adelai Adleiade,6.00,,1445.74,
03/11/2017,Ato Ato001000009389676,,546.00,1991.74,
03/11/2017,Eftpos Purchase               03Nov10:58 Whetlam Pty Ltd       Adelaide Uni    Au,12.50,,1979.24,
04/11/2017,Visa Purchase                 02Nov Adelaide Metro       Adelaide,15.00,,1964.24,
06/11/2017,Eftpos Purchase               06Nov16:01 Rebel Adelaide Cbd/C  Adelaide        Au,14.98,,1949.26,
06/11/2017,Eftpos Purchase               06Nov16:44 Taste Baguette        Adelaide Uni Sa Au,7.50,,1941.76,
06/11/2017,Black Bull Hotel Black Bull Pay,,258.97,2200.73,
08/11/2017,Cheque Deposit,,500.00,2700.73,
08/11/2017,Eftpos Purchase               08Nov15:59 Woolworths      5317  Rundle Mall  Sa Au,6.50,,2694.23,
08/11/2017,Eftpos Purchase               08Nov16:02 Gong Cha              Adelaide        Au,7.00,,2687.23,
09/11/2017,Internet Withdrawal           09Nov13:58 Japan Flights,1061.45,,1625.78,
10/11/2017,Eftpos Purchase               10Nov19:22 Woolworths      5317  Rundle Mall  Sa Au,10.60,,1615.18,
10/11/2017,Visa Purchase                 07Nov Paypal *Optus Prepa  402935773,30.00,,1585.18,
13/11/2017,Atm Deposit                   11Nov20:34 Banksa                Adelaide0450263585,,80.00,1665.18,
13/11/2017,Black Bull Hotel Black Bull Pay,,429.48,2094.66,
14/11/2017,Eftpos Purchase               14Nov16:22 Taste Baguette        Adelaide Uni Sa Au,9.50,,2085.16,
15/11/2017,Eftpos Purchase               15Nov19:27 Soi 38 Thai Street F  Adelaide     Sa Au,61.00,,2024.16,
16/11/2017,Eftpos Purchase               16Nov16:02 Shaver Shop Westlakes Westlakes    Sa Au,69.95,,1954.21,
16/11/2017,Eftpos Purchase               16Nov16:00 Cycle Worx            Woodville       Au,25.98,,1928.23,
16/11/2017,Eftpos Purchase               16Nov16:10 Bunnings 703000       Woodville    Sa Au,9.89,,1918.34,
17/11/2017,Visa Purchase                 15Nov Wilson Parking A040  Adelaide,6.05,,1912.29,
18/11/2017,Eftpos Purchase               18Nov12:26 Ww Petrol       5507  Golden Grove Sa Au,10.00,,1902.29,
18/11/2017,Visa Purchase                 16Nov Readingcinemas Eli   Elizabeth,6.50,,1895.79,
18/11/2017,Visa Purchase                 16Nov Reading Cinemas      Melbourne,11.50,,1884.29,
18/11/2017,Visa Purchase                 16Nov Paypal *Alltech      402935773,12.90,,1871.39,
18/11/2017,Visa Purchase                 16Nov Paypal *Cyclingdeal  402935773,39.00,,1832.39,
20/11/2017,Eftpos Purchase               20Nov11:19 Liberty Golden Grov\Golden Grove      Au,42.46,,1789.93,
20/11/2017,Internet Withdrawal           20Nov17:06 Tokyo Accomodation,221.50,,1568.43,
20/11/2017,Black Bull Hotel Black Bull Pay,,270.34,1838.77,
20/11/2017,Visa Purchase                 17Nov Paypal *Chexuhui     402935773,7.95,,1830.82,
20/11/2017,Visa Purchase                 17Nov Paypal *Tangjie      402935773,12.51,,1818.31,
21/11/2017,Visa Purchase                 18Nov Paypal *Contactchri  402935773,29.95,,1788.36,
22/11/2017,Internet Withdrawal           22Nov11:04 Japan,1283.70,,504.66,
22/11/2017,Eftpos Purchase               22Nov15:16 The Bartley Tavern    West Lakes Shsa Au,49.99,,454.67,
23/11/2017,Eftpos Purchase               23Nov16:57 Gym On Brebner        West Lakes   Sa Au,210.00,,244.67,
23/11/2017,Eftpos Purchase               23Nov17:43 Kmart 1021            West Lakes      Au,7.00,,237.67,
23/11/2017,Eftpos Purchase               23Nov18:09 Jb Hi Fi Westlakes    West Lakes      Au,89.00,,148.67,
23/11/2017,Visa Purchase                 21Nov Paypal *Chen Xia     402935773,5.65,,143.02,
24/11/2017,Eftpos Purchase               24Nov09:25 Gym On Brebner        West Lakes   Sa Au,15.00,,128.02,
27/11/2017,Eftpos Purchase               26Nov16:34 Kmart 1021            West Lakes      Au,37.65,,90.37,
27/11/2017,Eftpos Purchase               26Nov16:51 Target 5394           West Lakes      Au,25.00,,65.37,
27/11/2017,Eftpos Purchase               27Nov21:24 Hoyts Corp Pty Ltd    Modbury      Sa Au,20.00,,45.37,
27/11/2017,Black Bull Hotel Black Bull Pay,,537.53,582.90,
29/11/2017,Eftpos Purchase               29Nov12:11 Sodexo Australia Pty Lmawson Lakes Sa Au,7.20,,575.70,
29/11/2017,Eftpos Purchase               29Nov12:25 Sodexo Australia Pty Lmawson Lakes Sa Au,2.40,,573.30,
01/12/2017,Eftpos Purchase               01Dec18:43 Subway Hindley Stree  Adelaide        Au,10.75,,562.55,
01/12/2017,Eftpos Purchase               01Dec18:55 Hindley St Express Su Adelaide     Sa Au,3.00,,559.55,
02/12/2017,Atm Withdrawal                02Dec01:44 Np-It's Convenient Hin1Adelaide     05Au,20.00,,539.55,
02/12/2017,Atm Operator Fee Wdl          02Dec01:44 Np-It's Convenient Hin1Adelaide     05Au,2.50,,537.05,
04/12/2017,Black Bull Hotel Black Bull Pay,,594.52,1131.57,
06/12/2017,Eftpos Purchase               06Dec16:36 Bpampm Westlakes 77\West Lakes        Au,30.00,,1101.57,
07/12/2017,Saab Systems Jadx,,624.00,1725.57,
08/12/2017,Eftpos Purchase               08Dec11:53 Sodexo Australia Pty Lmawson Lakes Sa Au,9.60,,1715.97,
08/12/2017,Eftpos Purchase               08Dec17:52 Hindley St Express Su Adelaide     Sa Au,4.49,,1711.48,
08/12/2017,Visa Purchase                 06Dec Paypal *Optus Prepa  402935773,30.00,,1681.48,
09/12/2017,Eftpos Purchase               09Dec14:04 Babylon Barbers       West Lakes   Sa Au,30.00,,1651.48,
09/12/2017,Eftpos Purchase               09Dec14:11 Woolworths      5623  West Lakes   Sa Au,28.00,,1623.48,
09/12/2017,Eftpos Purchase               09Dec20:14 Black Bull Hotel Pty  Adelaide        Au,37.60,,1585.88,
09/12/2017,Eftpos Purchase               09Dec21:30 Black Bull Hotel Pty  Adelaide        Au,19.20,,1566.68,
11/12/2017,Black Bull Hotel Black Bull Pay,,612.98,2179.66,
13/12/2017,Eftpos Purchase               13Dec11:01 Sodexo Australia Pty Lmawson Lakes Sa Au,9.50,,2170.16,
13/12/2017,Eftpos Purchase               13Dec18:07 Adelaide University   North Adelai    Au,25.00,,2145.16,
14/12/2017,Internet Withdrawal           14Dec18:15 Lunch,40.00,,2105.16,
15/12/2017,Internet Withdrawal           14Dec22:42 Insurance,257.00,,1848.16,
15/12/2017,Eftpos Purchase               15Dec09:00 Bp Mawson Lake7712 \Mawson            Au,25.96,,1822.20,
15/12/2017,"Internet Withdrawal           15Dec12:55 Lift Tickets Transfers",659.61,,1162.59,
15/12/2017,Eftpos Purchase               15Dec17:40 Subway Hindley Stree  Adelaide        Au,8.85,,1153.74,
15/12/2017,Eftpos Purchase               15Dec17:51 Hindley St Express Su Adelaide     Sa Au,7.50,,1146.24,
18/12/2017,Eftpos Purchase               16Dec23:54 Pizza Rev             Adelaide        Au,9.50,,1136.74,
18/12/2017,Eftpos Purchase               17Dec15:28 Kmart 1021            West Lakes      Au,27.00,,1109.74,
18/12/2017,Internet Deposit              17Dec16:27 From 1340081616440,,2000.00,3109.74,
18/12/2017,Eftpos Purchase               17Dec15:59 Jb Hi Fi Westlakes    West Lakes      Au,2477.00,,632.74,
18/12/2017,Black Bull Hotel Black Bull Pay,,487.09,1119.83,
19/12/2017,Eftpos Purchase               19Dec19:34 2Kw Bar + Restaurant  Adelaide        Au,28.50,,1091.33,
20/12/2017,Eftpos Purchase               19Dec22:31 Mcdonalds Hindley St  Adelaide     Sa Au,14.55,,1076.78,
20/12/2017,Eftpos Purchase               20Dec12:39 Sodexo Australia Pty Lmawson Lakes Sa Au,7.20,,1069.58,
21/12/2017,Saab Systems Jadx,,1686.00,2755.58,
22/12/2017,Eftpos Purchase               22Dec10:44 Sodexo Australia Pty Lmawson Lakes Sa Au,4.65,,2750.93,
22/12/2017,Eftpos Purchase               22Dec13:53 Bp Mawson Lake7712 \Mawson            Au,25.39,,2725.54,
23/12/2017,Eftpos Purchase               23Dec13:03 Woolworths      5623  West Lakes   Sa Au,72.55,,2652.99,
23/12/2017,Eftpos Purchase               23Dec13:10 Lorna Jane         \West Lakes        Au,50.00,,2602.99,
23/12/2017,Eftpos Purchase               23Dec13:19 Pline West Lakes      West Lakes   Sa Au,12.99,,2590.00,
23/12/2017,Eftpos Purchase               23Dec13:26 Liquorland 3027       West Lakes      Au,49.00,,2541.00,
23/12/2017,Eftpos Purchase               23Dec13:53 Charlesworth Nuts     West Lakes   Sa Au,7.00,,2534.00,
23/12/2017,Eftpos Purchase               23Dec14:28 The Bartley Tavern    West Lakes Shsa Au,29.98,,2504.02,
27/12/2017,Eftpos Purchase               26Dec20:58 Semaphore Iga Everyd  Semaphore       Au,7.32,,2496.70,
27/12/2017,Black Bull Hotel Black Bull Pay,,480.51,2977.21,
28/12/2017,Eftpos Purchase               28Dec21:15 Black Bull Hotel Pty  Adelaide        Au,5.00,,2972.21,
28/12/2017,Eftpos Purchase               28Dec21:28 Black Bull Hotel Pty  Adelaide        Au,5.00,,2967.21,
29/12/2017,Eftpos Purchase               28Dec22:46 Yellow Cab Sa 13222\   Adelaide  Sa   Au,41.05,,2926.16,
29/12/2017,Visa Purchase                 26Dec Paypal *Yellowprice  402935773,24.69,,2901.47,
30/12/2017,Eftpos Purchase               30Dec17:55 Hindley St Express Su Adelaide     Sa Au,6.60,,2894.87,
02/01/2018,Eftpos Purchase               31Dec03:35 Sai Trading (Sa) Pty  Woodville       Au,43.88,,2850.99,
02/01/2018,Eftpos Purchase               31Dec17:35 Subway Hindley Stree  Adelaide        Au,8.00,,2842.99,
02/01/2018,Internet Withdrawal           01Jan14:14 To 1340081616440,2000.00,,842.99,
02/01/2018,Eftpos Purchase               02Jan18:41 Orientai Holden Hill  Holden Hill     Au,8.00,,834.99,
02/01/2018,Black Bull Hotel Black Bull Pay,,784.43,1619.42,
04/01/2018,Atm Deposit                   04Jan10:49 Banksa                West Lak0450263585,,1290.00,2909.42,
04/01/2018,Eftpos Purchase               04Jan11:38 Jb Hi Fi Westlakes    West Lakes      Au,1864.00,,1045.42,
04/01/2018,Saab Systems Jadx,,956.00,2001.42,
04/01/2018,Visa Purchase                 02Jan Paypal *Optus Prepa  402935773,30.00,,1971.42,
05/01/2018,Eftpos Purchase               05Jan20:18 Subway Hindley Stree  Adelaide        Au,12.95,,1958.47,
06/01/2018,Eftpos Purchase               06Jan17:35 Subway Hindley Stree  Adelaide        Au,11.00,,1947.47,
08/01/2018,Atm Deposit                   07Jan16:15 Banksa                West Lakes Sa5  Au,,1620.00,3567.47,
08/01/2018,Eftpos Purchase               07Jan16:29 Jb Hi Fi Westlakes    West Lakes      Au,73.00,,3494.47,
08/01/2018,Eftpos Purchase               07Jan16:39 Woolworths      5623  West Lakes   Sa Au,10.00,,3484.47,
08/01/2018,Black Bull Hotel Black Bull Pay,,567.54,4052.01,
09/01/2018,Eftpos Purchase               09Jan19:38 Burger Theory Enterp  Adelaide     Sa Au,24.00,,4028.01,
09/01/2018,Eftpos Purchase               09Jan19:40 Adelaide Oval Sma Ltd Nth Adelaide Sa Au,28.20,,3999.81,
11/01/2018,Eftpos Purchase               11Jan12:06 Sodexo Australia Pty Lmawson Lakes Sa Au,7.20,,3992.61,
11/01/2018,Eftpos Purchase               11Jan19:45 Alh Venues      8722  Geppscrss Ht Sa Au,19.00,,3973.61,
12/01/2018,Eftpos Purchase               12Jan12:34 Sodexo Australia Pty Lmawson Lakes Sa Au,7.20,,3966.41,
13/01/2018,Eftpos Purchase               13Jan16:48 Subway Hindley Stree  Adelaide        Au,12.95,,3953.46,
15/01/2018,Atm Withdrawal                14Jan09:28 Banksa                West Lakes Sa5  Au,600.00,,3353.46,
15/01/2018,Black Bull Hotel Black Bull Pay,,438.74,3792.20,
17/01/2018,Eftpos Purchase               17Jan07:09 Ww Petrol       5537  West Lakes   Sa Au,15.01,,3777.19,
17/01/2018,Eftpos Purchase               17Jan12:11 Sodexo Australia Pty Lmawson Lakes Sa Au,7.20,,3769.99,
18/01/2018,Saab Systems Jadx,,956.00,4725.99,
20/01/2018,Eftpos Purchase               20Jan12:57 Uc Royal Park         Royal Park   Sa Au,15.49,,4710.50,
22/01/2018,Atm Withdrawal                21Jan16:57 Cba Atm  Glenelg C      Sa  510803   Aus,100.00,,4610.50,
22/01/2018,Eftpos Purchase               21Jan19:32 Boost Juice Glenelg   Glenelg         Au,6.60,,4603.90,
22/01/2018,Internet Withdrawal           22Jan07:50 Savings,3823.18,,780.72,
22/01/2018,Black Bull Hotel Black Bull Pay,,209.16,989.88,
23/01/2018,Visa Purchase                 21Jan Paypal *Adobesystem  402935773,14.29,,975.59,
27/01/2018,Eftpos Purchase               26Jan17:34 Subway Hindley Stree  Adelaide        Au,14.25,,961.34,
27/01/2018,Eftpos Purchase               27Jan15:45 Subway Hindley Stree  Adelaide        Au,12.95,,948.39,
29/01/2018,Eftpos Purchase               27Jan21:58 Zambrero Sa Pty Ltd   Adelaide        Au,11.90,,936.49,
29/01/2018,Eftpos Purchase               28Jan02:29 Hindley St Express Su Adelaide     Sa Au,4.80,,931.69,
29/01/2018,Eftpos Purchase               28Jan15:49 Target 5394           West Lakes      Au,30.00,,901.69,
29/01/2018,Eftpos Purchase               28Jan15:57 Woolworths      5623  West Lakes   Sa Au,34.00,,867.69,
29/01/2018,Eftpos Purchase               28Jan16:21 Sds 3229              West Lakes   Sa Au,22.49,,845.20,
29/01/2018,Eftpos Purchase               29Jan12:10 Sodexo Australia Pty Lmawson Lakes Sa Au,7.20,,838.00,
29/01/2018,Atm Withdrawal                29Jan19:33 Rediatm 111 West Lakes West Lakes 5005Au,50.00,,788.00,
29/01/2018,Atm Operator Fee Wdl          29Jan19:33 Rediatm 111 West Lakes West Lakes 5005Au,2.50,,785.50,
29/01/2018,Black Bull Hotel Black Bull Pay,,768.66,1554.16,
31/01/2018,Visa Purchase                 29Jan Paypal *Optus Prepa  402935773,30.00,,1524.16,
01/02/2018,Eftpos Purchase               01Feb18:00 Big W           0550  Elizabeth    Sa Au,68.15,,1456.01,
01/02/2018,Eftpos Purchase               01Feb18:26 Jay Jays 650       \Elizabeth         Au,34.95,,1421.06,
01/02/2018,Eftpos Purchase               01Feb18:36 Adelaide Deli Pty Lt  Elizabeth       Au,7.20,,1413.86,
01/02/2018,Eftpos Purchase               01Feb18:50 The Reject Shop Aust  Elizabeth       Au,3.30,,1410.56,
01/02/2018,Internet Withdrawal           01Feb20:37 Money Card,750.00,,660.56,
01/02/2018,Saab Systems Jadx,,1280.00,1940.56,
03/02/2018,Eftpos Purchase               03Feb11:06 Subway Hindley Stree  Adelaide        Au,12.95,,1927.61,
03/02/2018,Eftpos Purchase               03Feb11:18 Subway Hindley Stree  Adelaide        Au,3.00,,1924.61,
03/02/2018,Internet Withdrawal           03Feb21:38 To 105-192 031037340,250.00,,1674.61,
05/02/2018,Eftpos Purchase               04Feb15:10 H Barber              West Lakes   Sa Au,30.00,,1644.61,
05/02/2018,Eftpos Purchase               04Feb15:38 Jb Hi Fi Westlakes    West Lakes      Au,400.00,,1244.61,
05/02/2018,Eftpos Purchase               05Feb12:09 Sodexo Australia Pty Lmawson Lakes Sa Au,5.80,,1238.81,
05/02/2018,Black Bull Hotel Black Bull Pay,,395.77,1634.58,
06/02/2018,Visa Purchase                 03Feb Paypal *Uber Au      402935773,33.75,,1600.83,
10/02/2018,Internet Withdrawal           10Feb22:03 Cash Passport,400.00,,1200.83,
15/02/2018,Saab Systems Jadx,,1280.00,2480.83,
19/02/2018,Internet Withdrawal           17Feb21:34 Baggage,28.14,,2452.69,
19/02/2018,Eftpos Purchase               19Feb13:34 Taxi Epay Australia   West Melbournvicau,42.01,,2410.68,
20/02/2018,Internet Withdrawal           19Feb23:05 J. Dearing - Med And 10,50.00,,2360.68,
20/02/2018,Eftpos Purchase               20Feb12:27 Sodexo Australia Pty Lmawson Lakes Sa Au,3.00,,2357.68,
22/02/2018,Eftpos Purchase               22Feb21:35 Liberty Golden Grov\Golden Grove      Au,43.64,,2314.04,
23/02/2018,Eftpos Purchase               23Feb19:41 Burger Theory Pty Lt  Bedford Park Sa Au,20.00,,2294.04,
23/02/2018,Eftpos Purchase               23Feb20:01 Burger Theory Pty Lt  Bedford Park Sa Au,10.00,,2284.04,
23/02/2018,Eftpos Purchase               23Feb20:22 Burger Theory Pty Lt  Bedford Park Sa Au,30.00,,2254.04,
23/02/2018,Eftpos Purchase               23Feb21:03 Burger Theory Pty Lt  Bedford Park Sa Au,10.00,,2244.04,
23/02/2018,Visa Purchase                 20Feb Paypal *Adobesystem  402935773,14.29,,2229.75,
24/02/2018,Eftpos Purchase               23Feb22:03 Burger Theory Pty Lt  Bedford Park Sa Au,20.00,,2209.75,
24/02/2018,Eftpos Purchase               23Feb22:42 Burger Theory Pty Lt  Bedford Park Sa Au,10.00,,2199.75,
24/02/2018,Eftpos Purchase               24Feb17:42 Subway Hindley Stree  Adelaide        Au,12.95,,2186.80,
26/02/2018,Eftpos Purchase               25Feb01:59 Pizza Rev             Adelaide        Au,13.50,,2173.30,
26/02/2018,Internet Withdrawal           25Feb16:32 O'Fiesta,75.00,,2098.30,
26/02/2018,Eftpos Purchase               26Feb13:54 R405   Sa Adelaide                    Au,229.00,,1869.30,
26/02/2018,Eftpos Purchase               26Feb14:20 Kathmandu Pty Limite  Adelaide     Sa Au,149.99,,1719.31,
26/02/2018,Black Bull Hotel Black Bull Pay,,365.61,2084.92,
27/02/2018,Visa Purchase                 25Feb Paypal *Optus Prepa  402935773,30.00,,2054.92,
28/02/2018,Eftpos Purchase               28Feb14:14 Taste Baguette        Adelaide Uni Sa Au,9.50,,2045.42,
01/03/2018,Eftpos Purchase               01Mar12:25 Jb Hi Fi Adelaide Ci  Adelaide        Au,99.00,,1946.42,
02/03/2018,Eftpos Purchase               02Mar14:35 The Sports Hub        Adelaide Uni Sa Au,15.00,,1931.42,
02/03/2018,Eftpos Purchase               02Mar16:19 Just Guys Sa Pty Ltd  Adelaide     Sa Au,30.00,,1901.42,
03/03/2018,Visa Purchase                 01Mar Adelaide Metro       Adelaide,15.00,,1886.42,
05/03/2018,Eftpos Purchase               05Mar15:39 Taste Baguette        Adelaide Uni Sa Au,10.00,,1876.42,
05/03/2018,Black Bull Hotel Black Bull Pay,,285.50,2161.92,
06/03/2018,Eftpos Purchase               06Mar13:27 Grilld Pty Ltd        Adelaide     Sa Au,45.50,,2116.42,
06/03/2018,Visa Purchase                 03Mar Paypal *Hanwei       402935773,22.97,,2093.45,
10/03/2018,Eftpos Purchase               10Mar20:38 Subway Hindley Stree  Adelaide        Au,10.75,,2082.70,
10/03/2018,Visa Purchase                 08Mar Adelaide Metro       Adelaide,15.00,,2067.70,
13/03/2018,Black Bull Hotel Black Bull Pay,,277.92,2345.62,
14/03/2018,Eftpos Purchase               14Mar13:17 The General           Adelaide     Sa Au,4.50,,2341.12,
15/03/2018,Saab Systems Jadx,,808.00,3149.12,
16/03/2018,Eftpos Purchase               16Mar14:01 Yiros Central         Adelaide        Au,9.00,,3140.12,
16/03/2018,Eftpos Purchase               16Mar16:25 Jay Jays 381       \Adelaide          Au,59.93,,3080.19,
16/03/2018,Atm Withdrawal                16Mar18:30 Banksa                Adelaide     5  Au,60.00,,3020.19,
17/03/2018,Eftpos Purchase               17Mar23:10 Zambrero Sa Pty Ltd   Adelaide        Au,11.90,,3008.29,
17/03/2018,Visa Purchase                 15Mar University Of Adelai Adleiade,70.00,,2938.29,
19/03/2018,Eftpos Purchase               19Mar11:54 Whetlam Pty Ltd       Adelaide Uni    Au,3.50,,2934.79,
19/03/2018,Eftpos Purchase               19Mar13:03 Coles 4964            Adelaide        Au,7.50,,2927.29,
19/03/2018,Black Bull Hotel Black Bull Pay,,360.30,3287.59,
22/03/2018,Visa Purchase                 20Mar Adelaide Metro       Adelaide,15.00,,3272.59,
23/03/2018,Visa Purchase                 21Mar Paypal *Adobesystem  402935773,14.29,,3258.30,
26/03/2018,Eftpos Purchase               26Mar09:42 Post   Adelaide Unive              Sa Au,42.45,,3215.85,
26/03/2018,Black Bull Hotel Black Bull Pay,,498.72,3714.57,
26/03/2018,Visa Purchase                 23Mar Paypal *Optus Prepa  402935773,30.00,,3684.57,
27/03/2018,Visa Purchase                 23Mar Adelaide Metro       Adelaide,15.00,,3669.57,
29/03/2018,Eftpos Purchase               29Mar18:17 He University Of Ade  Adelaide Uni Sa Au,20.00,,3649.57,
29/03/2018,Eftpos Purchase               29Mar19:56 Adelaide Oval Sma Ltd Nth Adelaide Sa Au,28.20,,3621.37,
31/03/2018,Eftpos Purchase               29Mar22:46 Black Bull Hotel Pty  Adelaide        Au,15.00,,3606.37,
31/03/2018,Eftpos Purchase               29Mar23:32 Hj Hindley Street     Adelaide     Sa Au,12.45,,3593.92,
31/03/2018,Eftpos Purchase               31Mar21:22 Subway Hindley Stree  Adelaide        Au,10.75,,3583.17,
03/04/2018,Eftpos Purchase               01Apr09:01 Www.Ingogo            Sydney          Au,39.58,,3543.59,
03/04/2018,Eftpos Purchase               03Apr15:22 Aka Japanese Cuisin\Adelaide          Au,12.80,,3530.79,
03/04/2018,Black Bull Hotel Black Bull Pay,,233.70,3764.49,
05/04/2018,Atm Withdrawal                05Apr17:41 Banksa                Adelaide     5  Au,20.00,,3744.49,
05/04/2018,Eftpos Purchase               05Apr21:09 Queens Head Hotel     North Adelaidsa Au,80.00,,3664.49,
05/04/2018,Eftpos Purchase               05Apr21:37 Queens Head Hotel     North Adelaidsa Au,143.00,,3521.49,
06/04/2018,Eftpos Purchase               06Apr00:32 Suburban Taxi 13100\   Adelaide  Sa   Au,40.41,,3481.08,
07/04/2018,Visa Purchase                 05Apr Adelaide Metro       Adelaide,15.00,,3466.08,
09/04/2018,Eftpos Purchase               07Apr23:13 Pizza Rev             Adelaide        Au,13.50,,3452.58,
09/04/2018,Eftpos Purchase               08Apr07:24 Coles Express 1924    West Lakes      Au,48.54,,3404.04,
09/04/2018,Black Bull Hotel Black Bull Pay,,343.61,3747.65,
10/04/2018,Eftpos Purchase               01Apr11:00 Pizza Rev             Za R         Nswau,9.50,,3738.15,
12/04/2018,Eftpos Purchase               12Apr20:18 Queens Head Hotel     North Adelaidsa Au,16.00,,3722.15,
13/04/2018,Eftpos Purchase               13Apr15:51 Just Guys Sa P/L      Exeter       Sa Au,28.00,,3694.15,
16/04/2018,Eftpos Purchase               15Apr05:37 Independent 132211 \   Adelaide  Sa   Au,12.77,,3681.38,
16/04/2018,Black Bull Hotel Black Bull Pay,,383.35,4064.73,
17/04/2018,Eftpos Purchase               17Apr11:58 Boost Juice Pty Ltd   Tullamarine  Vicau,8.30,,4056.43,
17/04/2018,Eftpos Purchase               17Apr20:18 Subway Adelaide Airp  Adelaide Air    Au,13.10,,4043.33,
17/04/2018,Visa Purchase                 15Apr Woolworths      5311 Glenelg,23.38,,4019.95,
18/04/2018,Eftpos Purchase               18Apr14:08 Whetlam Pty Ltd       Adelaide Uni    Au,3.00,,4016.95,
18/04/2018,Internet Withdrawal           18Apr20:51 Picket Fence,100.00,,3916.95,
19/04/2018,Eftpos Purchase               19Apr10:48 Whetlam Pty Ltd       Adelaide Uni    Au,3.50,,3913.45,
19/04/2018,Visa Purchase                 17Apr Adelaide Metro       Adelaide,15.00,,3898.45,
19/04/2018,Visa Purchase                 17Apr Emirates Leisure Ret Canberra,24.00,,3874.45,
20/04/2018,Eftpos Purchase               20Apr16:14 Coles 0435            Adelaide        Au,4.00,,3870.45,
20/04/2018,Visa Purchase                 19Apr The General          Adelaide,2.02,,3868.43,
20/04/2018,Visa Purchase                 19Apr The General          Adelaide,3.04,,3865.39,
21/04/2018,Eftpos Purchase               21Apr09:49 Woolworths      5623  West Lakes   Sa Au,19.98,,3845.41,
21/04/2018,Eftpos Purchase               21Apr09:53 Lorna Jane         \West Lakes        Au,40.00,,3805.41,
21/04/2018,Eftpos Purchase               21Apr10:05 Yd Pty Ltd 304        West Lakes   Sa Au,89.99,,3715.42,
21/04/2018,Eftpos Purchase               21Apr17:53 Adelaide University   North Adelai    Au,4.50,,3710.92,
21/04/2018,Eftpos Purchase               21Apr18:05 Adelaide University   North Adelai    Au,5.00,,3705.92,
23/04/2018,Internet Withdrawal           23Apr00:14 Savings,3000.00,,705.92,
24/04/2018,Visa Purchase                 21Apr Chemist King Glenelg Glenelg,1.99,,703.93,
24/04/2018,Visa Purchase                 21Apr Mint On Moseley Squa Glenelg,4.00,,699.93,
24/04/2018,Visa Purchase                 23Apr Taste Baguette       Adelaide,4.00,,695.93,
24/04/2018,Visa Purchase                 23Apr The General          Adelaide,8.10,,687.83,
24/04/2018,Visa Purchase                 21Apr Mint On Moseley Squa Glenelg,11.00,,676.83,
24/04/2018,Visa Purchase                 21Apr Mint On Moseley Squa Glenelg,11.00,,665.83,
24/04/2018,Visa Purchase                 21Apr Paypal *Adobesystem  402935773,14.29,,651.54,
27/04/2018,Visa Purchase                 25Apr Paypal *Optus Prepa  402935773,30.00,,621.54,
28/04/2018,Eftpos Purchase               28Apr16:21 Sports And Arthriti\Mile End          Au,122.40,,499.14,
28/04/2018,Eftpos Purchase               28Apr17:52 Almasri Brothers Pty  Adelaide        Au,8.40,,490.74,
28/04/2018,Visa Purchase                 26Apr Whetlam Pty Ltd      Adelaide,3.00,,487.74,
30/04/2018,Eftpos Purchase               30Apr14:04 Woolworths      5317  Rundle Mall  Sa Au,5.00,,482.74,
30/04/2018,Black Bull Hotel Black Bull Pay,,343.61,826.35,
30/04/2018,Visa Purchase                 27Apr Whetlam Pty Ltd      Adelaide,3.00,,823.35,
30/04/2018,Visa Purchase                 27Apr Adelaide Metro       Adelaide,15.00,,808.35,
01/05/2018,Visa Purchase                 28Apr Henley Beach Footbal Henley Be,4.50,,803.85,
02/05/2018,Visa Purchase                 30Apr Taste Baguette       Adelaide,8.50,,795.35,
03/05/2018,Visa Purchase                 01May Whetlam Pty Ltd      Adelaide,3.00,,792.35,
03/05/2018,Visa Purchase                 02May Whetlam Pty Ltd      Adelaide,3.50,,788.85,
04/05/2018,Eftpos Purchase               04May10:09 Sports And Arthriti\Mile End          Au,51.00,,737.85,
04/05/2018,Eftpos Purchase               04May17:31 Taste Baguette        Adelaide Uni Sa Au,6.60,,731.25,
05/05/2018,Eftpos Purchase               05May10:10 Coles 0455            West Lakes      Au,8.80,,722.45,
05/05/2018,Visa Purchase                 04May Sq *St. Raphael's Co Adelaide,3.00,,719.45,
05/05/2018,Visa Purchase                 03May Whetlam Pty Ltd      Adelaide,3.00,,716.45,
05/05/2018,Visa Purchase                 04May City Of Adelaide     Adelaide,13.00,,703.45,
05/05/2018,Visa Purchase                 03May Adelaide Metro       Adelaide,15.00,,688.45,
07/05/2018,Black Bull Hotel Black Bull Pay,,90.96,779.41,
08/05/2018,Visa Purchase                 07May Whetlam Pty Ltd      Adelaide,3.50,,775.91,
08/05/2018,Visa Purchase                 05May Adelaide University  North Ade,5.00,,770.91,
08/05/2018,Visa Purchase                 05May Independant 132211   Mile End,9.07,,761.84,
08/05/2018,Visa Purchase                 05May Adelaide University  North Ade,10.00,,751.84,
08/05/2018,Visa Purchase                 05May Adelaide University  North Ade,10.00,,741.84,
08/05/2018,Visa Purchase                 05May Adelaide University  North Ade,10.00,,731.84,
08/05/2018,Visa Purchase                 05May Adelaide University  North Ade,10.00,,721.84,
08/05/2018,Visa Purchase                 05May Adelaide University  North Ade,10.00,,711.84,
08/05/2018,Visa Purchase                 05May Adelaide University  North Ade,15.00,,696.84,
08/05/2018,Visa Purchase                 05May Adelaide University  North Ade,20.00,,676.84,
08/05/2018,Visa Purchase                 05May Adelaide University  North Ade,40.00,,636.84,
08/05/2018,Visa Purchase                 06May Www.Ingogo           Sydney,44.42,,592.42,
08/05/2018,Visa Purchase                 07May Trybooking Aufc      Online Pu,100.30,,492.12,
09/05/2018,Visa Purchase                 07May Taste Baguette       Adelaide,8.50,,483.62,
10/05/2018,Visa Purchase                 08May The Sports Hub       Adelaide,2.50,,481.12,
10/05/2018,Visa Purchase                 09May Whetlam Pty Ltd      Adelaide,3.50,,477.62,
11/05/2018,Visa Purchase                 10May Whetlam Pty Ltd      Adelaide,3.50,,474.12,
12/05/2018,Visa Purchase                 11May Sq *St. Raphael's Co Adelaide,3.00,,471.12,
12/05/2018,Visa Purchase                 10May Adelaide Metro       Adelaide,15.00,,456.12,
14/05/2018,Black Bull Hotel Black Bull Pay,,325.92,782.04,
15/05/2018,Visa Purchase                 14May Whetlam Pty Ltd      Adelaide,3.00,,779.04,
15/05/2018,Visa Purchase                 12May Black Bull Hotel Pty Adelaide,12.80,,766.24,
15/05/2018,Visa Purchase                 14May Trybooking Aufc      Online Pu,70.30,,695.94,
16/05/2018,Visa Purchase                 15May Whetlam Pty Ltd      Adelaide,3.50,,692.44,
17/05/2018,Visa Purchase                 16May Whetlam Pty Ltd      Adelaide,3.00,,689.44,
17/05/2018,Visa Purchase                 15May Adelaide University  North Ade,4.00,,685.44,
17/05/2018,Visa Purchase                 15May Adelaide University  North Ade,8.00,,677.44,
18/05/2018,Visa Purchase                 17May City Of Adelaide     Adelaide,4.00,,673.44,
18/05/2018,Visa Purchase                 17May Whetlam Pty Ltd      Adelaide,4.50,,668.94,
18/05/2018,Visa Purchase                 15May Paypal *Optus Prepa  402935773,30.00,,638.94,
19/05/2018,Visa Purchase                 16May Queens Head Hotel    North Ade,32.70,,606.24,
21/05/2018,Black Bull Hotel Black Bull Pay,,332.05,938.29,
22/05/2018,Visa Purchase                 21May Whetlam Pty Ltd      Adelaide,3.00,,935.29,
22/05/2018,Visa Purchase                 18May Whetlam Pty Ltd      Adelaide,3.50,,931.79,
22/05/2018,Visa Purchase                 19May Coles 0429           Welland,9.00,,922.79,
22/05/2018,Visa Purchase                 18May Adelaide University  North Ade,10.00,,912.79,
22/05/2018,Visa Purchase                 20May Zambrero Sa Pty Ltd  Adelaide,11.90,,900.89,
22/05/2018,Visa Purchase                 19May Adelaide University  North Ade,13.50,,887.39,
22/05/2018,Visa Purchase                 18May Adelaide Oval Sma Lt Nth Adela,20.40,,866.99,
22/05/2018,Visa Purchase                 18May Adelaide Oval Sma Lt Nth Adela,20.40,,846.59,
23/05/2018,Eftpos Purchase               23May20:44 Coles 4964            Adelaide        Au,44.57,,802.02,
23/05/2018,Visa Purchase                 22May Whetlam Pty Ltd      Adelaide,3.50,,798.52,
23/05/2018,Visa Purchase                 22May Taste Baguette       Adelaide,7.30,,791.22,
23/05/2018,Visa Purchase                 20May Paypal *Adobesystem  402935773,14.29,,776.93,
24/05/2018,Visa Purchase                 22May Grass Roots At Adel  Adelaide,3.50,,773.43,
25/05/2018,Eftpos Purchase               24May22:22 Bpampm Westlakes 77\West Lakes        Au,50.01,,723.42,
25/05/2018,Atm Deposit                   25May09:34 Banksa                Adelaide     5  Au,,800.00,1523.42,
25/05/2018,Eftpos Purchase               25May12:07 The Sports Hub        Adelaide Uni Sa Au,210.00,,1313.42,
25/05/2018,Eftpos Purchase               25May15:19 Just Guys Sa P/L      Exeter       Sa Au,28.00,,1285.42,
25/05/2018,Visa Purchase                 24May Whetlam Pty Ltd      Adelaide,3.10,,1282.32,
25/05/2018,Visa Purchase                 24May Whetlam Pty Ltd      Adelaide,3.50,,1278.82,
25/05/2018,Visa Purchase                 23May Adelaide Metro       Adelaide,15.00,,1263.82,
26/05/2018,Visa Purchase                 24May Whetlam Pty Ltd      Adelaide,3.50,,1260.32,
26/05/2018,Visa Purchase                 25May Whetlam Pty Ltd      Adelaide,3.50,,1256.82,
28/05/2018,Eftpos Purchase               27May05:01 Zambrero Sa Pty Ltd   Adelaide        Au,23.80,,1233.02,
28/05/2018,Black Bull Hotel Black Bull Pay,,323.51,1556.53,
30/05/2018,Internet Withdrawal           30May18:21 J Dearing Pride Jumper,45.00,,1511.53,
30/05/2018,Visa Purchase                 28May Whetlam Pty Ltd      Adelaide,3.00,,1508.53,
30/05/2018,Visa Purchase                 29May Gawler Heritage Cafe Sa Sa,8.40,,1500.13,
31/05/2018,Visa Purchase                 29May Whetlam Pty Ltd      Adelaide,3.50,,1496.63,
01/06/2018,Visa Purchase                 30May Adelaide Metro       Adelaide,15.00,,1481.63,
01/06/2018,Visa Purchase                 30May Adelaide Uni Sports  Adelaide,400.00,,1081.63,
02/06/2018,Visa Purchase                 01Jun Whetlam Pty Ltd      Adelaide,3.50,,1078.13,
02/06/2018,Visa Purchase                 01Jun Taste Baguette       Adelaide,3.50,,1074.63,
04/06/2018,Internet Deposit              04Jun12:27 Over Payment,,2500.00,3574.63,
04/06/2018,Internet Withdrawal           04Jun12:29 224660 Invoice,2539.68,,1034.95,
04/06/2018,Black Bull Hotel Black Bull Pay,,332.24,1367.19,
05/06/2018,Visa Purchase                 01Jun The Sports Hub       Adelaide,6.50,,1360.69,
05/06/2018,Visa Purchase                 02Jun Black Bull Hotel Pty Adelaide,12.80,,1347.89,
06/06/2018,Visa Purchase                 04Jun Paypal *Optus Prepa  402935773,30.00,,1317.89,
07/06/2018,Ctrlink Yth All 7E1A9665503632098A,,312.21,1630.10,
07/06/2018,Visa Purchase                 04Jun Ticketmaster Com     Melbourne,216.95,,1413.15,
08/06/2018,Eftpos Purchase               08Jun16:27 Coles 0455            West Lakes      Au,4.99,,1408.16,
08/06/2018,Eftpos Purchase               08Jun16:30 West Lakes Yoghurt    West Lakes      Au,5.20,,1402.96,
08/06/2018,Atm Withdrawal                08Jun16:40 Banksa                West Lakes Sa5  Au,50.00,,1352.96,
11/06/2018,Internet Withdrawal           10Jun15:08 Dad Birthday,50.00,,1302.96,
12/06/2018,Black Bull Hotel Black Bull Pay,,283.22,1586.18,
12/06/2018,Visa Purchase                 08Jun Bp Westport 9285     West Croy,4.19,,1581.99,
12/06/2018,Visa Purchase                 09Jun Almasri Brothers Pty Adelaide,7.10,,1574.89,
12/06/2018,Visa Purchase                 09Jun Zambrero Sa Pty Ltd  Adelaide,11.90,,1562.99,
12/06/2018,Visa Purchase                 08Jun Bp Wayville 0092     Wayville,17.77,,1545.22,
12/06/2018,Visa Purchase                 08Jun Austral Hotel        Adelaide,19.00,,1526.22,
12/06/2018,Visa Purchase                 09Jun Electric Circus      Adelaide,30.45,,1495.77,
15/06/2018,Visa Purchase                 13Jun Taste Baguette       Adelaide,3.50,,1492.27,
16/06/2018,Visa Purchase                 09Jun Adelaide Metro       Adelaide,15.00,,1477.27,
18/06/2018,Visa Purchase                 14Jun Queens Head Hotel    North Ade,16.00,,1461.27,
19/06/2018,Ctrlink Yth All 7E1A9969503632098A,,298.20,1759.47,
19/06/2018,Visa Purchase                 16Jun Goodwood Saints Foot Millswood,2.00,,1757.47,
19/06/2018,Visa Purchase                 16Jun Goodwood Saints Foot Millswood,4.50,,1752.97,
19/06/2018,Visa Purchase                 17Jun Dulwich Bakery       Dulwich,4.80,,1748.17,
22/06/2018,Visa Purchase                 21Jun The General          Adelaide,3.04,,1745.13,
22/06/2018,Visa Purchase                 21Jun Taste Baguette       Adelaide,8.00,,1737.13,
22/06/2018,Visa Purchase                 21Jun City Of Adelaide     Adelaide,13.00,,1724.13,
22/06/2018,Visa Purchase                 21Jun Nelson Teamwear      Unley,125.00,,1599.13,
23/06/2018,Visa Purchase                 20Jun Queens Head Hotel    North Ade,8.70,,1590.43,
23/06/2018,Visa Purchase                 20Jun Paypal *Adobesystem  402935773,14.29,,1576.14,
23/06/2018,Visa Purchase                 21Jun Paypal *Optus Prepa  402935773,30.00,,1546.14,
26/06/2018,Visa Purchase                 23Jun Peters Maylands Pl   North Ade,16.00,,1530.14,
27/06/2018,Atm Withdrawal                27Jun16:18 Banksa                West Lakes Sa5  Au,50.00,,1480.14,
28/06/2018,Visa Purchase                 26Jun Obrien Group Austral Wayville,4.60,,1475.54,
29/06/2018,Eftpos Purchase               29Jun18:20 Nxt Level Fit Hub Pty West Lakes   Sa Au,100.00,,1375.54,
29/06/2018,Visa Purchase                 26Jun Wayville Foodland    Wayville,6.59,,1368.95,
29/06/2018,Visa Purchase                 27Jun Gfource Pty Ltd      Welland,7.95,,1361.00,
30/06/2018,Visa Purchase                 28Jun Obrien Group Austral Wayville,4.60,,1356.40,
02/07/2018,Eftpos Purchase               01Jul15:42 Jb Hi Fi Westlakes    West Lakes      Au,94.50,,1261.90,
02/07/2018,Eftpos Purchase               02Jul10:50 Just Guys Sa P/L      Exeter       Sa Au,28.00,,1233.90,
02/07/2018,Visa Purchase                 28Jun Queens Head Hotel    North Ade,16.00,,1217.90,
03/07/2018,Ctrlink Yth All 7E1A0350503632098A,,298.20,1516.10,
03/07/2018,Visa Purchase                 01Jul Bj West Lakes Pty Lt West Lake,7.00,,1509.10,
05/07/2018,Visa Purchase                 02Jul X Convenience Semaph Exeter,48.82,,1460.28,
05/07/2018,Visa Purchase                 03Jul Paypal *Angusrobert  402935773,65.70,,1394.58,
07/07/2018,Visa Purchase                 06Jul Uni Adel C/O Tenix   Melbourne,50.00,,1344.58,
09/07/2018,Black Bull Hotel Black Bull Pay,,160.48,1505.06,
10/07/2018,Visa Purchase                 07Jul Black Bull Hotel Pty Adelaide,3.00,,1502.06,
10/07/2018,Visa Purchase                 07Jul Black Bull Hotel Pty Adelaide,10.00,,1492.06,
10/07/2018,Visa Purchase                 07Jul Black Bull Hotel Pty Adelaide,10.00,,1482.06,
10/07/2018,Visa Purchase                 06Jul Subway Hindley Stree Adelaide,13.10,,1468.96,
10/07/2018,Visa Purchase                 07Jul Black Bull Hotel Pty Adelaide,30.00,,1438.96,
13/07/2018,Ato Ato002000009674135,,1398.82,2837.78,
13/07/2018,Eftpos Purchase               13Jul15:50 Woolworths      5623  West Lakes   Sa Au,24.00,,2813.78,
14/07/2018,Visa Purchase                 12Jul Adelaide University  North Ade,2.00,,2811.78,
16/07/2018,Eftpos Purchase               15Jul01:26 Independent 132211 \   Adelaide  Sa   Au,41.36,,2770.42,
16/07/2018,Eftpos Purchase               15Jul11:37 Cucina North Adelaid  North Adelai    Au,10.00,,2760.42,
16/07/2018,Eftpos Purchase               15Jul12:57 Rebel Rundle Mall     Adelaide        Au,110.99,,2649.43,
16/07/2018,Eftpos Purchase               15Jul13:06 Tea House Yumcha      Adelaide        Au,14.60,,2634.83,
16/07/2018,Black Bull Hotel Black Bull Pay,,107.72,2742.55,
17/07/2018,Visa Purchase                 15Jul Wilson Parking A040  Adelaide,6.05,,2736.50,
17/07/2018,Visa Purchase                 15Jul Dulwich Bakery       Dulwich,8.40,,2728.10,
17/07/2018,Visa Purchase                 15Jul Zambrero Sa Pty Ltd  Adelaide,11.90,,2716.20,
17/07/2018,Visa Purchase                 15Jul Jive Productions     Adelaide,16.00,,2700.20,
17/07/2018,Visa Purchase                 14Jul Queens Head Hotel    North Ade,16.00,,2684.20,
17/07/2018,Visa Purchase                 14Jul Queens Head Hotel    North Ade,17.00,,2667.20,
17/07/2018,Visa Purchase                 14Jul Queens Head Hotel    North Ade,17.00,,2650.20,
17/07/2018,Visa Purchase                 14Jul Queens Head Hotel    North Ade,17.40,,2632.80,
17/07/2018,Visa Purchase                 14Jul Queens Head Hotel    North Ade,17.40,,2615.40,
17/07/2018,Visa Purchase                 14Jul Cumberland Arms Hote Adelaide,18.00,,2597.40,
17/07/2018,Visa Purchase                 15Jul Reading Westlakes    West Lake,30.00,,2567.40,
19/07/2018,Ctrlink Yth All 7E1A0806503632098A,,298.20,2865.60,
20/07/2018,Visa Purchase                 19Jul Semaphore Bakehouse  Semaphore,3.00,,2862.60,
20/07/2018,Visa Purchase                 18Jul Paypal *Uber Au      402935773,21.90,,2840.70,
21/07/2018,Eftpos Purchase               21Jul11:27 Kmart 1021            West Lakes      Au,14.00,,2826.70,
21/07/2018,Eftpos Purchase               21Jul11:53 Target 5394           West Lakes      Au,12.00,,2814.70,
21/07/2018,Visa Purchase                 19Jul Adelaide University  North Ade,4.00,,2810.70,
21/07/2018,Visa Purchase                 18Jul Queens Head Hotel    North Ade,8.70,,2802.00,
21/07/2018,Visa Purchase                 19Jul Zambrero Semaphore   Semaphore,11.90,,2790.10,
21/07/2018,Visa Purchase                 18Jul Queens Head Hotel    North Ade,32.70,,2757.40,
23/07/2018,Eftpos Purchase               22Jul01:00 Spotto Sa          \   Adelaide       Au,41.99,,2715.41,
23/07/2018,Eftpos Purchase               22Jul16:38 Jb Hi Fi Westlakes    West Lakes      Au,179.00,,2536.41,
23/07/2018,Eftpos Purchase               22Jul17:17 Ww Petrol       5537  West Lakes   Sa Au,49.21,,2487.20,
23/07/2018,Eftpos Purchase               23Jul10:40 The General           Adelaide     Sa Au,3.00,,2484.20,
23/07/2018,Black Bull Hotel Black Bull Pay,,148.94,2633.14,
24/07/2018,Visa Purchase                 23Jul Whetlam Pty Ltd      Adelaide,3.50,,2629.64,
24/07/2018,Visa Purchase                 22Jul Amazon Australia Ser Melbourne,3.99,,2625.65,
24/07/2018,Visa Purchase                 20Jul Black Bull Hotel Pty Adelaide,12.80,,2612.85,
24/07/2018,Visa Purchase                 20Jul Paypal *Adobesystem  402935773,14.29,,2598.56,
25/07/2018,Eftpos Purchase               25Jul18:29 Grilld Pty Ltd        Adelaide     Sa Au,28.50,,2570.06,
25/07/2018,Visa Purchase                 24Jul Taste Baguette       Adelaide,8.00,,2562.06,
25/07/2018,Visa Purchase                 24Jul Vodafone             North Syd,35.99,,2526.07,
26/07/2018,Visa Purchase                 25Jul Whetlam Pty Ltd      Adelaide,3.50,,2522.57,
26/07/2018,Visa Purchase                 24Jul Amazon Australia Ser Melbourne,28.40,,2494.17,
30/07/2018,Black Bull Hotel Black Bull Pay,,193.01,2687.18,
30/07/2018,Visa Purchase                 26Jul Queens Head Hotel    North Ade,16.00,,2671.18,
31/07/2018,Visa Purchase                 27Jul Subway Hindley Stree Adelaide,13.10,,2658.08,
01/08/2018,Ctrlink Yth All 7E1A1148503632098A,,298.20,2956.28,
01/08/2018,Eftpos Purchase               01Aug15:17 Woolworths      5623  West Lakes   Sa Au,56.00,,2900.28,
01/08/2018,Eftpos Purchase               01Aug15:29 Ktas 1021             West Lakes      Au,198.00,,2702.28,
01/08/2018,Visa Purchase                 30Jul Adelaide Metro       Adelaide,15.00,,2687.28,
02/08/2018,Visa Purchase                 31Jul Whetlam Pty Ltd      Adelaide,3.00,,2684.28,
03/08/2018,Internet Withdrawal           03Aug14:25 Indig. Guernsey,50.00,,2634.28,
03/08/2018,Visa Purchase                 01Aug Whetlam Pty Ltd      Adelaide,5.00,,2629.28,
04/08/2018,Visa Purchase                 02Aug Whetlam Pty Ltd      Adelaide,3.00,,2626.28,
06/08/2018,Black Bull Hotel Black Bull Pay,,135.20,2761.48,
06/08/2018,Visa Purchase                 02Aug Queens Head Hotel    North Ade,16.00,,2745.48,
07/08/2018,Internet Deposit              07Aug08:31 Brian Daily Prize Money,,250.15,2995.63,
07/08/2018,Visa Purchase                 03Aug Subway Hindley Stree Adelaide,13.10,,2982.53,
07/08/2018,Visa Purchase                 04Aug San Churro West Lake West Lake,14.95,,2967.58,
07/08/2018,Visa Purchase                 05Aug Rebel West Lakes     West Lake,24.99,,2942.59,
07/08/2018,Visa Purchase                 04Aug Just Guys Sa P/L     Exeter,30.00,,2912.59,
08/08/2018,Eftpos Purchase               08Aug17:15 Woolworths      5317  Rundle Mall  Sa Au,17.30,,2895.29,
08/08/2018,Visa Purchase                 06Aug Taste Baguette       Adelaide,4.00,,2891.29,
08/08/2018,Visa Purchase                 06Aug The Sports Hub       Adelaide,5.00,,2886.29,
09/08/2018,Eftpos Purchase               09Aug14:15 The General           Adelaide     Sa Au,4.50,,2881.79,
09/08/2018,Visa Purchase                 08Aug Whetlam Pty Ltd      Adelaide,3.00,,2878.79,
10/08/2018,Visa Purchase                 08Aug Whetlam Pty Ltd      Adelaide,2.00,,2876.79,
11/08/2018,Visa Purchase                 09Aug Grass Roots At Adel  Adelaide,7.50,,2869.29,
11/08/2018,Visa Purchase                 09Aug Adelaide Metro       Adelaide,15.00,,2854.29,
13/08/2018,Black Bull Hotel Black Bull Pay,,171.69,3025.98,
14/08/2018,Visa Purchase                 11Aug Adelaide University  North Ade,2.00,,3023.98,
14/08/2018,Visa Purchase                 12Aug Taste Baguette       Adelaide,3.50,,3020.48,
14/08/2018,Visa Purchase                 12Aug Amazon Australia Ser Melbourne,3.99,,3016.49,
14/08/2018,Visa Purchase                 11Aug Adelaide University  North Ade,4.00,,3012.49,
14/08/2018,Visa Purchase                 12Aug Tillman Group Pty Lt Torrensvi,5.00,,3007.49,
14/08/2018,Visa Purchase                 11Aug Adelaide University  North Ade,5.00,,3002.49,
14/08/2018,Visa Purchase                 12Aug Whetlam Pty Ltd      Adelaide,9.00,,2993.49,
14/08/2018,Visa Purchase                 11Aug Suburban Taxi 131008 Kilburn,12.45,,2981.04,
15/08/2018,Ctrlink Yth All 7E1A1528503632098A,,298.20,3279.24,
16/08/2018,The University O 1686411,,321.58,3600.82,
16/08/2018,Visa Purchase                 14Aug Taste Baguette       Adelaide,4.50,,3596.32,
17/08/2018,Visa Purchase                 15Aug Whetlam Pty Ltd      Adelaide,3.00,,3593.32,
17/08/2018,Visa Purchase                 15Aug Taste Baguette       Adelaide,4.50,,3588.82,
20/08/2018,Black Bull Hotel Black Bull Pay,,128.33,3717.15,
21/08/2018,Visa Purchase                 17Aug Whetlam Pty Ltd      Adelaide,3.00,,3714.15,
21/08/2018,Visa Purchase                 17Aug Subway Hindley Stree Adelaide,13.10,,3701.05,
21/08/2018,Visa Purchase                 17Aug Adelaide Metro       Adelaide,15.00,,3686.05,
21/08/2018,Visa Purchase                 18Aug Queens Head Hotel    North Ade,16.00,,3670.05,
21/08/2018,Visa Purchase                 20Aug Digitaletext         Rotherham,21.99,,3648.06,
23/08/2018,Visa Purchase                 21Aug Whetlam Pty Ltd      Adelaide,2.00,,3646.06,
23/08/2018,Visa Purchase                 20Aug Asa Cafe Pty Ltd     Adelaide,3.50,,3642.56,
23/08/2018,Visa Purchase                 20Aug Asa Cafe Pty Ltd     Adelaide,7.00,,3635.56,
23/08/2018,Visa Purchase                 21Aug Paypal *Adobesystem  402935773,14.29,,3621.27,
23/08/2018,Visa Purchase                 21Aug Google*Nigel Crasto  G.Co Help,21.99,,3599.28,
24/08/2018,Visa Purchase                 22Aug Taste Baguette       Adelaide,6.00,,3593.28,
25/08/2018,Visa Purchase                 23Aug Whetlam Pty Ltd      Adelaide,3.50,,3589.78,
27/08/2018,Internet Withdrawal           27Aug11:10 Pipes,10.00,,3579.78,
27/08/2018,Black Bull Hotel Black Bull Pay,,170.26,3750.04,
27/08/2018,Visa Purchase                 24Aug Whetlam Pty Ltd      Adelaide,3.50,,3746.54,
27/08/2018,Visa Purchase                 24Aug Vodafone             North Syd,36.14,,3710.40,
28/08/2018,Ctrlink Yth All 7E1A1870503632098A,,298.20,4008.60,
28/08/2018,Visa Purchase                 25Aug Olacabs              Melbourne,5.95,,4002.65,
28/08/2018,Visa Purchase                 24Aug Taste Baguette       Adelaide,7.50,,3995.15,
28/08/2018,Visa Purchase                 25Aug Adelaide University  North Ade,8.00,,3987.15,
28/08/2018,Visa Purchase                 24Aug Taste Baguette       Adelaide,8.50,,3978.65,
28/08/2018,Visa Purchase                 26Aug Main Line Drive In   Gepps Cro,17.00,,3961.65,
28/08/2018,Visa Purchase                 25Aug Otr Welland 7233     Welland,19.20,,3942.45,
28/08/2018,Visa Purchase                 25Aug Dan Murphy's    5722 Welland,22.99,,3919.46,
28/08/2018,Visa Purchase                 25Aug Zambrero Sa Pty Ltd  Adelaide,23.80,,3895.66,
28/08/2018,Visa Purchase                 25Aug Cumberland Arms Hote Adelaide,36.00,,3859.66,
28/08/2018,Visa Purchase                 26Aug Bpampm Westlakes 776 West Lake,42.47,,3817.19,
30/08/2018,The University O 1686411,,413.46,4230.65,
30/08/2018,Visa Purchase                 28Aug Whetlam Pty Ltd      Adelaide,3.00,,4227.65,
30/08/2018,Visa Purchase                 28Aug Cycle Worx           Woodville,8.95,,4218.70,
31/08/2018,Visa Purchase                 30Aug The Sports Hub       Adelaide,3.60,,4215.10,
31/08/2018,Visa Purchase                 29Aug Taste Baguette       Adelaide,8.60,,4206.50,
31/08/2018,Visa Purchase                 29Aug Adelaide Metro       Adelaide,15.00,,4191.50,
01/09/2018,Visa Purchase                 31Aug The General          Adelaide,3.04,,4188.46,
01/09/2018,Visa Purchase                 30Aug Myer  Adelaide City  Adelaide,30.00,,4158.46,
01/09/2018,Visa Purchase                 30Aug Sq *Laneway Espresso Adelaide,38.00,,4120.46,
03/09/2018,Internet Withdrawal           01Sep23:57 Pancakes,15.50,,4104.96,
03/09/2018,Internet Withdrawal           03Sep01:23 Mum And Dad Pres,70.00,,4034.96,
03/09/2018,Black Bull Hotel Black Bull Pay,,365.41,4400.37,
03/09/2018,Visa Purchase                 31Aug Olacabs              Melbourne,18.29,,4382.08,
04/09/2018,Visa Purchase                 01Sep Almasri Brothers Pty Adelaide,5.50,,4376.58,
04/09/2018,Visa Purchase                 01Sep Sa Amateur Football  Torrensvi,7.00,,4369.58,
04/09/2018,Visa Purchase                 01Sep Sa Amateur Football  Torrensvi,7.00,,4362.58,
04/09/2018,Visa Purchase                 31Aug Taste Baguette       Adelaide,7.20,,4355.38,
04/09/2018,Visa Purchase                 01Sep Zambrero Sa Pty Ltd  Adelaide,11.90,,4343.48,
04/09/2018,Visa Purchase                 03Sep Nutrition Zone Wa    Nedlands,133.80,,4209.68,
05/09/2018,Visa Purchase                 03Sep University Of Adelai Adleiade,20.00,,4189.68,
06/09/2018,Visa Purchase                 05Sep Whetlam Pty Ltd      Adelaide,3.50,,4186.18,
06/09/2018,Visa Purchase                 04Sep The General          Adelaide,11.13,,4175.05,
07/09/2018,Eftpos Purchase               07Sep09:40 Whetlam Pty Ltd       Adelaide Uni    Au,3.50,,4171.55,
07/09/2018,Eftpos Purchase               07Sep13:13 R.T.B.C. Pty Ltd      Adelaide        Au,11.95,,4159.60,
07/09/2018,Eftpos Purchase               07Sep13:28 Aka Japanese Cuisin\Adelaide          Au,6.00,,4153.60,
07/09/2018,Visa Purchase                 05Sep Taste Baguette       Adelaide,7.20,,4146.40,
07/09/2018,Visa Purchase                 05Sep Taste Baguette       Adelaide,7.70,,4138.70,
08/09/2018,Visa Purchase                 06Sep Whetlam Pty Ltd      Adelaide,3.50,,4135.20,
08/09/2018,Visa Purchase                 05Sep Paypal *Spotify      353143690,5.99,,4129.21,
10/09/2018,"Internet Withdrawal           10Sep12:40 First Week Deposit",230.00,,3899.21,
10/09/2018,Black Bull Hotel Black Bull Pay,,139.87,4039.08,
10/09/2018,Visa Purchase                 07Sep 3 Rundle Mall Pty Lt Adelaide,2.00,,4037.08,
10/09/2018,Visa Purchase                 07Sep Almasri Brothers Pty Adelaide,5.50,,4031.58,
10/09/2018,Visa Purchase                 07Sep Adelaide Metro       Adelaide,15.00,,4016.58,
11/09/2018,Ctrlink Yth All 7E1A2250503632098A,,153.00,4169.58,
11/09/2018,Visa Purchase                 09Sep Trybooking Aufc      Online Pu,95.30,,4074.28,
12/09/2018,Visa Purchase                 11Sep Chemist Warehouse    Adelaide,5.40,,4068.88,
12/09/2018,Visa Purchase                 11Sep The General          Adelaide,7.08,,4061.80,
13/09/2018,The University O 1686411,,413.46,4475.26,
13/09/2018,Visa Purchase                 11Sep David Jones Limited  Adelaide,35.00,,4440.26,
14/09/2018,Visa Purchase                 12Sep Whetlam Pty Ltd      Adelaide,3.00,,4437.26,
14/09/2018,Visa Purchase                 12Sep Whetlam Pty Ltd      Adelaide,3.50,,4433.76,
14/09/2018,Visa Purchase                 12Sep Taste Baguette       Adelaide,5.50,,4428.26,
17/09/2018,Visa Credit                   14Sep Olacabs              Melbourne,,8.09,4436.35,
17/09/2018,Black Bull Hotel Black Bull Pay,,195.54,4631.89,
17/09/2018,Visa Purchase                 14Sep Whetlam Pty Ltd      Adelaide,3.00,,4628.89,
17/09/2018,Visa Purchase                 14Sep Olacabs              Melbourne,8.09,,4620.80,
17/09/2018,Visa Purchase                 14Sep Adelaide Metro       Adelaide,15.00,,4605.80,
17/09/2018,Visa Purchase                 14Sep Olacabs              Melbourne,18.19,,4587.61,
17/09/2018,Visa Purchase                 15Sep Officeworks 0512     Adelaide,45.01,,4542.60,
18/09/2018,Visa Purchase                 15Sep Almasri Brothers Pty Adelaide,5.50,,4537.10,
18/09/2018,Visa Purchase                 15Sep Boost Juice Rundle M Adelaide,7.70,,4529.40,
18/09/2018,Visa Purchase                 14Sep Subway Hindley Stree Adelaide,10.90,,4518.50,
18/09/2018,Visa Purchase                 16Sep The Lion Hotel       North Ade,12.00,,4506.50,
18/09/2018,Visa Purchase                 16Sep The Lion Hotel       North Ade,12.00,,4494.50,
18/09/2018,Visa Purchase                 16Sep The Lion Hotel       North Ade,24.00,,4470.50,
18/09/2018,Visa Purchase                 16Sep Olacabs              Melbourne,28.06,,4442.44,
18/09/2018,Visa Purchase                 15Sep Jay Jays 381         Adelaide,62.45,,4379.99,
18/09/2018,Visa Purchase                 15Sep Dymocks Adelaide     Adelaide,75.95,,4304.04,
19/09/2018,Visa Purchase                 16Sep Queens Head Hotel    North Ade,6.00,,4298.04,
19/09/2018,Visa Purchase                 16Sep Subway Westlakes     West Lake,10.90,,4287.14,
19/09/2018,Visa Purchase                 16Sep Queens Head Hotel    North Ade,12.00,,4275.14,
19/09/2018,Visa Purchase                 16Sep Queens Head Hotel    North Ade,16.00,,4259.14,
19/09/2018,Visa Purchase                 16Sep Queens Head Hotel    North Ade,30.00,,4229.14,
20/09/2018,Eftpos Purchase               20Sep16:56 Pltps Shs Rdle Mal \Adelaide          Au,130.00,,4099.14,
21/09/2018,Visa Purchase                 20Sep Just Guys Sa P/L     Exeter,30.00,,4069.14,
22/09/2018,Visa Purchase                 20Sep Big Table            Adelaide,4.00,,4065.14,
22/09/2018,Visa Purchase                 20Sep Enjoy Bkry Cafe On P Adelaide,5.00,,4060.14,
24/09/2018,Black Bull Hotel Black Bull Pay,,184.00,4244.14,
24/09/2018,Visa Purchase                 21Sep Paypal *Adobesystem  402935773,14.29,,4229.85,
25/09/2018,Ctrlink Yth All 7E1A2630503632098A,,74.42,4304.27,
25/09/2018,Visa Purchase                 21Sep Subway Hindley Stree Adelaide,10.90,,4293.37,
25/09/2018,Visa Purchase                 22Sep Paypal *Uber Au      402935773,33.75,,4259.62,
25/09/2018,Visa Purchase                 24Sep Vodafone             North Syd,36.14,,4223.48,
26/09/2018,Visa Purchase                 25Sep Mogas Kersbrook      Kersbrook,65.85,,4157.63,
27/09/2018,Visa Purchase                 25Sep Goolwa Foodland Supe Goolwa,17.43,,4140.20,
27/09/2018,Visa Purchase                 26Sep Woolworths      5668 Goolwa,23.30,,4116.90,
27/09/2018,Visa Purchase                 26Sep Woolworths      5668 Goolwa,46.40,,4070.50,
28/09/2018,"Internet Withdrawal           28Sep09:15 Wine Tour Pipes",100.00,,3970.50,
28/09/2018,Eftpos Purchase               28Sep14:42 Jb Hi Fi Adelaide Ci  Adelaide        Au,465.00,,3505.50,
29/09/2018,Visa Purchase                 28Sep The General          Adelaide,2.02,,3503.48,
29/09/2018,Visa Purchase                 27Sep Lobethal Bakery      Lobethal,8.10,,3495.38,
01/10/2018,Visa Purchase                 29Sep Liquorland 3027      West Lake,43.00,,3452.38,
02/10/2018,Visa Purchase                 29Sep Olacabs              Melbourne,8.09,,3444.29,
02/10/2018,Visa Purchase                 29Sep Cumberland Arms Hote Adelaide,18.00,,3426.29,
02/10/2018,Visa Purchase                 29Sep Munno Para Foodland  Smithfiel,18.03,,3408.26,
02/10/2018,Visa Purchase                 30Sep Coles Express 1920   Salisbury,22.45,,3385.81,
02/10/2018,Visa Purchase                 30Sep Taxi Epay Australia  West Melb,26.17,,3359.64,
02/10/2018,Visa Purchase                 29Sep Olacabs              Melbourne,28.65,,3330.99,
03/10/2018,Visa Purchase                 02Oct The General          Adelaide,4.05,,3326.94,
05/10/2018,Eftpos Refund                 05Oct12:52 Jb Hi Fi Adelaide Ci  Adelaide        Au,,465.00,3791.94,
05/10/2018,Visa Purchase                 03Oct Taste Baguette       Adelaide,8.00,,3783.94,
05/10/2018,Visa Purchase                 03Oct Adelaide Metro       Adelaide,15.00,,3768.94,
06/10/2018,Eftpos Purchase               06Oct10:06 1376 Opsm          \Adelaide          Au,164.00,,3604.94,
06/10/2018,Visa Purchase                 04Oct Paypal *Webjet       402935773,488.21,,3116.73,
08/10/2018,Visa Purchase                 05Oct Whetlam Pty Ltd      Adelaide,2.00,,3114.73,
08/10/2018,Visa Purchase                 05Oct Olacabs              Melbourne,21.51,,3093.22,
09/10/2018,Visa Purchase                 06Oct Olacabs              Melbourne,4.71,,3088.51,
09/10/2018,Visa Purchase                 05Oct Paypal *Spotify      353143690,5.99,,3082.52,
09/10/2018,Visa Purchase                 07Oct Hj Hindley Street    Adelaide,13.60,,3068.92,
09/10/2018,Visa Purchase                 06Oct Olacabs              Melbourne,15.07,,3053.85,
09/10/2018,Visa Purchase                 06Oct Queens Head Hotel    North Ade,16.00,,3037.85,
09/10/2018,Visa Purchase                 06Oct Queens Head Hotel    North Ade,17.00,,3020.85,
09/10/2018,Visa Purchase                 06Oct Queens Head Hotel    North Ade,17.00,,3003.85,
09/10/2018,Visa Purchase                 06Oct Queens Head Hotel    North Ade,17.40,,2986.45,
09/10/2018,Visa Purchase                 06Oct Cumberland Arms Hote Adelaide,18.00,,2968.45,
09/10/2018,Visa Purchase                 06Oct Cumberland Arms Hote Adelaide,36.00,,2932.45,
09/10/2018,Visa Purchase                 06Oct Cel A Dor Pty Ltd    Woodside,39.00,,2893.45,
10/10/2018,Ctrlink Yth All 7E1A3048503632098A,,298.20,3191.65,
10/10/2018,Visa Purchase                 08Oct Taste Baguette       Adelaide,6.50,,3185.15,
11/10/2018,The University O 1686411,,413.46,3598.61,
11/10/2018,Visa Purchase                 09Oct Boulevard Cafe       West Lake,3.60,,3595.01,
11/10/2018,Visa Purchase                 09Oct Kmart Tyre & Auto Se Castle Hi,179.00,,3416.01,
12/10/2018,Caitlin Williams Champ,,60.00,3476.01,
12/10/2018,Visa Purchase                 10Oct Adelaide Metro       Adelaide,15.00,,3461.01,
12/10/2018,Visa Purchase                 11Oct Just Guys Sa P/L     Exeter,30.00,,3431.01,
15/10/2018,Visa Purchase                 12Oct Semaphore Road Cella Semaphore,3.00,,3428.01,
16/10/2018,Visa Purchase                 13Oct Alh Venues      8916 Ramsgate,6.00,,3422.01,
16/10/2018,Visa Purchase                 13Oct The Red Deli         Taperoo,7.50,,3414.51,
16/10/2018,Visa Purchase                 13Oct Alh Venues      8916 Ramsgate,12.00,,3402.51,
16/10/2018,Visa Purchase                 12Oct Alh Venues      8916 Ramsgate,18.00,,3384.51,
16/10/2018,Visa Purchase                 12Oct Alh Venues      8916 Ramsgate,18.00,,3366.51,
16/10/2018,Visa Purchase                 12Oct The Bartley Tavern   West Lake,22.98,,3343.53,
16/10/2018,Visa Purchase                 13Oct Rebel West Lakes     West Lake,29.99,,3313.54,
16/10/2018,Visa Purchase                 12Oct Alh Venues      8916 Ramsgate,30.00,,3283.54,
19/10/2018,Internet Withdrawal           19Oct00:14 Jdearingcocktail,180.00,,3103.54,
19/10/2018,Visa Purchase                 17Oct Olacabs              Melbourne,18.62,,3084.92,
20/10/2018,Visa Purchase                 18Oct Whetlam Pty Ltd      Adelaide,3.50,,3081.42,
20/10/2018,Visa Purchase                 18Oct Whetlam Pty Ltd      Adelaide,3.50,,3077.92,
20/10/2018,Visa Purchase                 17Oct Queens Head Hotel    North Ade,15.00,,3062.92,
20/10/2018,Visa Purchase                 18Oct Woolworths      5317 Rundle Ma,16.87,,3046.05,
22/10/2018,Visa Purchase                 19Oct Whetlam Pty Ltd      Adelaide,5.30,,3040.75,
22/10/2018,Visa Purchase                 19Oct Adelaide Metro       Adelaide,15.00,,3025.75,
22/10/2018,Visa Purchase                 19Oct Coop Bookshop 5100   Bedford P,16.95,,3008.80,
23/10/2018,Ctrlink Yth All 7E1A3390503632098A,,298.20,3307.00,
23/10/2018,Visa Purchase                 21Oct Google*Google Storag G.Co Help,2.49,,3304.51,
23/10/2018,Visa Purchase                 19Oct Woolworths      5317 Rundle Ma,3.50,,3301.01,
23/10/2018,Visa Purchase                 20Oct Paypal *Adobesystem  402935773,14.29,,3286.72,
23/10/2018,Visa Purchase                 21Oct Bp Rosewater 9021    Rosewater,15.00,,3271.72,
23/10/2018,Visa Purchase                 21Oct 503399Flightcentre.C Brisbane,389.50,,2882.22,
24/10/2018,Visa Purchase                 23Oct The General          Adelaide,7.89,,2874.33,
25/10/2018,Kyle Earl,,60.00,2934.33,
25/10/2018,Visa Purchase                 23Oct Taste Baguette       Adelaide,8.00,,2926.33,
26/10/2018,Visa Purchase                 24Oct Whetlam Pty Ltd      Adelaide,3.00,,2923.33,
26/10/2018,Visa Purchase                 24Oct Vodafone             North Syd,36.14,,2887.19,
27/10/2018,Visa Purchase                 25Oct Asa Cafe Pty Ltd     Adelaide,7.00,,2880.19,
27/10/2018,Visa Purchase                 25Oct Olacabs              Melbourne,19.99,,2860.20,
27/10/2018,Visa Purchase                 24Oct Connor Clothing Pty  Adelaide,41.99,,2818.21,
29/10/2018,Visa Purchase                 26Oct Whetlam Pty Ltd      Adelaide,3.00,,2815.21,
29/10/2018,Visa Purchase                 26Oct Olacabs              Melbourne,4.01,,2811.20,
29/10/2018,Visa Purchase                 26Oct Olacabs              Melbourne,17.83,,2793.37,
30/10/2018,Visa Purchase                 28Oct City Of Adelaide     Adelaide,2.00,,2791.37,
30/10/2018,Visa Purchase                 29Oct The General          Adelaide,5.06,,2786.31,
30/10/2018,Visa Purchase                 27Oct Adelaide Metro       Adelaide,15.00,,2771.31,
30/10/2018,Visa Purchase                 27Oct General Havelock Pty Adelaide,17.00,,2754.31,
01/11/2018,Visa Purchase                 30Oct Mitcham Cinemas      Torrens P,4.80,,2749.51,
01/11/2018,Visa Purchase                 30Oct Bpampm Westlakes 776 West Lake,15.04,,2734.47,
02/11/2018,Visa Purchase                 31Oct Taste Baguette       Adelaide,7.50,,2726.97,
02/11/2018,Visa Purchase                 30Oct Paypal *Movemberfou  402935773,21.53,,2705.44,
03/11/2018,Visa Purchase                 01Nov Taste Baguette       Adelaide,3.50,,2701.94,
05/11/2018,Visa Purchase                 02Nov Whetlam Pty Ltd      Adelaide,2.00,,2699.94,
05/11/2018,Visa Purchase                 02Nov Whetlam Pty Ltd      Adelaide,3.50,,2696.44,
06/11/2018,Visa Purchase                 03Nov Big Window Pty Ltd   Adelaide,28.93,,2667.51,
07/11/2018,Ctrlink Yth All 7E1A3808503632098A,,298.20,2965.71,
07/11/2018,Eftpos Purchase               07Nov12:25 Jb Hi Fi Westlakes    West Lakes      Au,148.00,,2817.71,
07/11/2018,Visa Purchase                 05Nov Ganvan Pty Ltd       Woodville,15.00,,2802.71,
07/11/2018,Visa Purchase                 05Nov Wilson Parking Ade00 Adelaide,22.00,,2780.71,
08/11/2018,The University O 1686411,,826.92,3607.63,
08/11/2018,Visa Purchase                 05Nov Paypal *Spotify      353143690,5.99,,3601.64,
09/11/2018,Visa Purchase                 07Nov Paypal *Movemberfou  402935773,2.32,,3599.32,
10/11/2018,Visa Purchase                 08Nov Crux Cafe Pty Ltd    Semaphore,10.00,,3589.32,
10/11/2018,Visa Purchase                 08Nov Cha Bar Cafe Pty Ltd Adelaide,10.80,,3578.52,
10/11/2018,Visa Purchase                 08Nov Reading Westlakes    West Lake,29.50,,3549.02,
12/11/2018,Eftpos Purchase               12Nov11:49 Twin City Camera Houseadelaide     Sa Au,169.00,,3380.02,
12/11/2018,Atm Withdrawal                12Nov11:57 Banksa                Adelaide     5  Au,200.00,,3180.02,
13/11/2018,Eftpos Purchase               13Nov12:41 Connor Clothing Pty   Adelaide     Sa Au,259.99,,2920.03,
13/11/2018,Eftpos Purchase               13Nov12:42 Connor Clothing Pty   Adelaide     Sa Au,34.99,,2885.04,
13/11/2018,Atm Deposit                   13Nov13:37 Banksa                Adelaide     5  Au,,180.00,3065.04,
13/11/2018,Atm Deposit                   13Nov13:49 Banksa                Adelaide     5  Au,,100.00,3165.04,
13/11/2018,Chadathan Somjit Deposit,,230.00,3395.04,
13/11/2018,Visa Purchase                 10Nov Liberty Golden Grove Golden Gr,20.31,,3374.73,
14/11/2018,Visa Purchase                 13Nov The General          Adelaide,3.04,,3371.69,
14/11/2018,Visa Purchase                 13Nov Chemist Warehouse    Adelaide,3.49,,3368.20,
14/11/2018,Visa Purchase                 13Nov Coles 4964           Adelaide,9.60,,3358.60,
15/11/2018,Visa Purchase                 13Nov Whetlam Pty Ltd      Adelaide,3.50,,3355.10,
15/11/2018,Visa Purchase                 13Nov Subway Rundle Place  Adelaide,10.90,,3344.20,
15/11/2018,Visa Purchase                 13Nov Adelaide Metro       Adelaide,15.00,,3329.20,
15/11/2018,Visa Purchase                 14Nov Just Guys Sa P/L     Exeter,25.00,,3304.20,
16/11/2018,Visa Purchase                 15Nov Coles Express 6833   Hamilton,57.46,,3246.74,
17/11/2018,Visa Purchase                 15Nov Mcdonalds Hamilton   Hamilton,4.00,,3242.74,
17/11/2018,Visa Purchase                 16Nov The Shoppe           Lavers Hi,4.50,,3238.24,
17/11/2018,Visa Purchase                 16Nov Apollo Bay Hotel     Apollo Ba,8.00,,3230.24,
17/11/2018,Visa Purchase                 16Nov Apollo Bay Hotel     Apollo Ba,14.00,,3216.24,
17/11/2018,Visa Purchase                 15Nov United Seaton        Seaton,28.25,,3187.99,
17/11/2018,Visa Purchase                 15Nov Sow & Piglets Pty Lt Port Camp,83.60,,3104.39,
19/11/2018,Eftpos Purchase               19Nov18:22 Anytime Fitness       Fyshwick     Actau,163.95,,2940.44,
19/11/2018,Visa Purchase                 15Nov Caltex Bordertown    Bordertow,4.30,,2936.14,
19/11/2018,Visa Purchase                 17Nov Fruits Of The Forest Lorne,9.75,,2926.39,
19/11/2018,Visa Purchase                 16Nov Apollo Bay Bakery Pt Apollo Ba,18.50,,2907.89,
20/11/2018,Visa Purchase                 18Nov Qic Capital Parking  Canberra,2.05,,2905.84,
20/11/2018,Visa Purchase                 16Nov Caltex Apollo Bay    Apollo Ba,3.30,,2902.54,
20/11/2018,Visa Purchase                 18Nov Lets Dream Big Group Canberra,3.40,,2899.14,
20/11/2018,Visa Purchase                 17Nov Nuv Avenel Pty Ltd   South Mel,4.40,,2894.74,
20/11/2018,Visa Purchase                 18Nov Iga                  Campbell,4.79,,2889.95,
20/11/2018,Visa Purchase                 17Nov Mcdonalds Gundagai   Gundagai,4.90,,2885.05,
20/11/2018,Visa Purchase                 18Nov Big W           0122 Canberra,8.00,,2877.05,
20/11/2018,Visa Purchase                 17Nov Moons Cafe           Lorne,20.50,,2856.55,
20/11/2018,Visa Purchase                 18Nov Coles 4787           Canberra,52.92,,2803.63,
20/11/2018,Visa Purchase                 17Nov United Retail Group  Lorne,54.70,,2748.93,
20/11/2018,Visa Purchase                 17Nov Caltex               Yass,67.19,,2681.74,
21/11/2018,Eftpos Purchase               21Nov21:01 Coles 4787            Canberra        Au,66.35,,2615.39,
21/11/2018,Visa Credit                   20Nov Didichuxing          Forrest,,39.08,2654.47,
21/11/2018,Visa Purchase                 19Nov Didichuxing          Forrest,39.08,,2615.39,
22/11/2018,Eftpos Purchase               22Nov12:51 Smp*Kapital Kebabs    Fyshwick01      Au,13.40,,2601.99,
22/11/2018,The University O 1686411,,91.88,2693.87,
24/11/2018,Eftpos Purchase               24Nov17:41 Liquorland 2433       Canberra        Au,50.00,,2643.87,
26/11/2018,Eftpos Purchase               24Nov23:19 Aerial Cg   132227 \   Canberra  Act  Au,13.55,,2630.32,
26/11/2018,Eftpos Purchase               25Nov09:40 Iga                   Campbell     Actau,6.68,,2623.64,
27/11/2018,Ctrlink Yth All 7E1A4340503632098A,,298.20,2921.84,
28/11/2018,Eftpos Purchase               28Nov20:01 Coles 4787            Canberra        Au,3.95,,2917.89,
28/11/2018,Eftpos Purchase               28Nov20:18 Coles 4787            Canberra        Au,26.56,,2891.33,
29/11/2018,Visa Purchase                 27Nov Paypal *Google       402935773,2.49,,2888.84,
30/11/2018,Eftpos Purchase               30Nov18:12 Emirates Leisure Ret  Canberra Airpactau,13.00,,2875.84,
30/11/2018,Visa Purchase                 28Nov Paypal *Adobesystem  402935773,14.29,,2861.55,
30/11/2018,Visa Purchase                 27Nov Paypal *Catchofthed  402935773,97.89,,2763.66,
01/12/2018,Eftpos Purchase               30Nov23:35 Precinct Hotel        Cremorne     Vicau,19.37,,2744.29,
01/12/2018,Eftpos Purchase               01Dec00:01 Precinct Hotel        Cremorne     Vicau,29.06,,2715.23,
01/12/2018,Eftpos Purchase               01Dec01:48 Precinct Hotel        Cremorne     Vicau,29.06,,2686.17,
01/12/2018,Eftpos Purchase               01Dec03:02 Gi And Co Pty Ltd     Richmond     Vicau,15.15,,2671.02,
01/12/2018,Internet Withdrawal           01Dec09:15 Uber,27.00,,2644.02,
01/12/2018,Eftpos Purchase               01Dec11:22 Fargo And Co          Richmond     Vicau,55.00,,2589.02,
01/12/2018,Eftpos Purchase               01Dec14:35 Fargo And Co          Richmond     Vicau,38.00,,2551.02,
01/12/2018,Eftpos Purchase               01Dec17:28 Coles 0566            Richmond        Au,27.14,,2523.88,
01/12/2018,Visa Purchase                 28Nov Vodafone             North Syd,36.14,,2487.74,
03/12/2018,Atm Withdrawal                01Dec22:26 Dcp-Citiclub On Queen4 Melbourne    03Au,20.00,,2467.74,
03/12/2018,Atm Operator Fee Wdl          01Dec22:26 Dcp-Citiclub On Queen4 Melbourne    03Au,4.50,,2463.24,
03/12/2018,Eftpos Purchase               02Dec02:38 Gm Cabs Pty Ltd       Mascot       Nswau,19.22,,2444.02,
03/12/2018,Eftpos Purchase               02Dec12:39 Nj Group Pty Ltd      Melbourne Airvicau,12.95,,2431.07,
03/12/2018,Eftpos Purchase               02Dec12:56 Boost Juice Bar    \Melbourne Air     Au,8.60,,2422.47,
03/12/2018,Eftpos Purchase               02Dec13:01 Muffin Break T4       Tullamarine  Vicau,4.70,,2417.77,
03/12/2018,Eftpos Purchase               02Dec15:18 Queanbeyan 6285 100\   Canberra  Act  Au,30.66,,2387.11,
03/12/2018,Eftpos Purchase               03Dec18:52 Coles 4787            Canberra        Au,30.01,,2357.10,
03/12/2018,Eftpos Purchase               03Dec18:54 Bakers Delight Canberrcanberra     Actau,4.50,,2352.60,
05/12/2018,Eftpos Purchase               05Dec20:03 Coles 4787            Canberra        Au,5.00,,2347.60,
05/12/2018,Cea Research & D Jd1,,1726.59,4074.19,
06/12/2018,Eftpos Purchase               06Dec19:43 Target 5096           Canberra        Au,5.00,,4069.19,
08/12/2018,Eftpos Purchase               08Dec13:15 Big W           0191  Canberra Arp Actau,22.00,,4047.19,
08/12/2018,Visa Purchase                 05Dec Paypal *Google Noctu 402935773,1.08,,4046.11,
08/12/2018,Visa Purchase                 05Dec Paypal *Spotify      353143690,5.99,,4040.12,
10/12/2018,Eftpos Purchase               09Dec10:02 The Pedlar Pty Limit  Campbell     Actau,17.00,,4023.12,
10/12/2018,Eftpos Purchase               10Dec18:08 Coles Express 1574    Fyshwick        Au,20.00,,4003.12,
11/12/2018,Eftpos Purchase               11Dec18:33 Coles 4787            Canberra        Au,73.10,,3930.02,
11/12/2018,Eftpos Purchase               11Dec18:38 Bakers Delight Canberrcanberra     Actau,4.50,,3925.52,
11/12/2018,Visa Purchase                 08Dec Paypal *Uber Au      402935773,24.50,,3901.02,
13/12/2018,Eftpos Purchase               13Dec18:29 Coles 4787            Canberra        Au,6.00,,3895.02,
13/12/2018,Visa Purchase                 08Dec Amazon Mktplc Au     Sydney So,86.00,,3809.02,
15/12/2018,Eftpos Purchase               15Dec15:07 Pushys Plus        \Fyshwick          Au,59.90,,3749.12,
15/12/2018,Eftpos Purchase               15Dec16:02 Officeworks 0261      Fyshwick        Au,2.90,,3746.22,
15/12/2018,Eftpos Purchase               15Dec16:50 Officeworks 0261      Fyshwick        Au,26.00,,3720.22,
17/12/2018,Eftpos Purchase               16Dec10:57 The Coffee Club Maju  Majura          Au,4.60,,3715.62,
17/12/2018,Eftpos Purchase               16Dec11:51 Woolworths      1419  Canb Airport Actau,61.86,,3653.76,
17/12/2018,Eftpos Purchase               16Dec18:59 The Pedlar Pty Limit  Campbell     Actau,39.00,,3614.76,
17/12/2018,Eftpos Purchase               16Dec19:25 The Pedlar Pty Limit  Campbell     Actau,8.00,,3606.76,
17/12/2018,Internet Withdrawal           17Dec20:44 First Deposit,2.00,,3604.76,
17/12/2018,Internet Deposit              17Dec20:46 Moving Out,,43734.87,47339.63,
17/12/2018,Internet Deposit              17Dec20:49 Close,,.02,47339.65,
18/12/2018,Internet Withdrawal           18Dec05:50 Opening Transfer,1.00,,47338.65,
18/12/2018,Visa Purchase                 16Dec Paypal *Photovideoa  402935773,24.95,,47313.70,
19/12/2018,Eftpos Purchase               19Dec08:13 Officeworks 0261      Fyshwick        Au,5.80,,47307.90,
19/12/2018,Eftpos Purchase               19Dec18:02 Coles Express 1574    Fyshwick        Au,20.00,,47287.90,
19/12/2018,Jackson  Dearing Opening Transfer,,1.00,47288.90,
19/12/2018,Jackson  Dearing First Deposit,,2.00,47290.90,
19/12/2018,Cea Research & D Jd1,,1706.02,48996.92,
20/12/2018,Eftpos Purchase               20Dec20:57 Coles 4787            Canberra        Au,58.85,,48938.07,
20/12/2018,Eftpos Purchase               20Dec21:02 Liquorland 2433       Canberra        Au,31.00,,48907.07,
20/12/2018,Eftpos Purchase               20Dec21:05 Coles 4787            Canberra        Au,3.00,,48904.07,
20/12/2018,Eftpos Purchase               20Dec21:11 Big W           0122  Canberra Cit Actau,7.50,,48896.57,
21/12/2018,Eftpos Purchase               21Dec19:36 Gema Catering Ato  \Silverwater       Au,30.00,,48866.57,
22/12/2018,Eftpos Purchase               22Dec12:39 Knead Patisserie Pty  Campbell        Au,3.50,,48863.07,
22/12/2018,Visa Purchase                 21Dec Ola Ride Payment     Melbourne,4.54,,48858.53,
24/12/2018,Eftpos Purchase               23Dec09:19 Officeworks 0262      Braddon         Au,.30,,48858.23,
24/12/2018,Eftpos Purchase               23Dec09:37 Officeworks 0262      Braddon         Au,8.70,,48849.53,
24/12/2018,Eftpos Purchase               23Dec09:43 Officeworks 0262      Braddon         Au,.80,,48848.73,
24/12/2018,Eftpos Purchase               23Dec10:58 Roso Cc Pty Ltd       Canberra        Au,32.00,,48816.73,
24/12/2018,Eftpos Purchase               23Dec11:16 Coles 4787            Canberra        Au,49.99,,48766.74,
24/12/2018,Eftpos Purchase               23Dec18:46 Broddogs              Fyshwick     Actau,38.00,,48728.74,
24/12/2018,Eftpos Purchase               24Dec08:21 Relay (Cbr101)        Pialligo     Actau,4.20,,48724.54,
24/12/2018,Eftpos Purchase               24Dec14:13 Kmart 1021            West Lakes      Au,30.30,,48694.24,
24/12/2018,Atm Withdrawal                24Dec14:18 Banksa                West Lakes   5  Au,400.00,,48294.24,
24/12/2018,Eftpos Purchase               24Dec14:49 Target 5394           West Lakes      Au,6.00,,48288.24,
24/12/2018,Visa Purchase                 21Dec Paypal *Google Googl 402935773,2.49,,48285.75,
24/12/2018,Visa Purchase                 21Dec Ola Ride Payment     Melbourne,14.22,,48271.53,
24/12/2018,Visa Purchase                 21Dec Paypal *Adobesystem  402935773,14.29,,48257.24,
27/12/2018,Internet Withdrawal           25Dec08:41 To 805-050 102394008,2.00,,48255.24,
27/12/2018,Internet Withdrawal           25Dec08:42 To 805-050 102394010,1.00,,48254.24,
27/12/2018,Kyle Earl,,401.00,48655.24,
27/12/2018,Visa Purchase                 23Dec Ola Ride Payment     Melbourne,14.21,,48641.03,
28/12/2018,Visa Purchase                 24Dec Vodafone             North Syd,36.15,,48604.88,
29/12/2018,Internet Withdrawal           29Dec08:43 To 805-050 102394008,300.00,,48304.88,
29/12/2018,Eftpos Purchase               29Dec13:54 Jamaica Blue          Westlakes    Sa Au,3.50,,48301.38,
29/12/2018,Eftpos Purchase               29Dec21:02 Reading Westlakes  \West Lakes        Au,13.50,,48287.88,
31/12/2018,Eftpos Purchase               30Dec14:26 Kmart 1021            West Lakes      Au,20.00,,48267.88,
31/12/2018,Ctrlink Yth All 7E1A5176503632098A,,298.20,48566.08,
31/12/2018,Eftpos Purchase               31Dec14:13 Muffin Break W Lakes  West Lakes   Sa Au,4.00,,48562.08,
31/12/2018,Atm Withdrawal                31Dec14:55 Rediatm Westfield      West Lakes   05Au,200.00,,48362.08,
31/12/2018,Internet Withdrawal           31Dec17:29 To 805-050 102394010,48362.08,,.00,
02/01/2019,Cea Research & D Jd1,,978.46,978.46,
03/01/2019,Internet Deposit              02Jan23:10 From 1340081616440,,9.58,988.04,
04/01/2019,Internet Withdrawal           03Jan23:04 To 805-050 102394010,938.04,,50.00,
08/01/2019,Visa Purchase                 05Jan Paypal *Spotify      353143690,5.99,,44.01,
09/01/2019,Visa Purchase                 07Jan Ola Ride Payment     Melbourne,18.54,,25.47,
12/01/2019,Visa Purchase                 10Jan Amazon Mktplc Au     Sydney So,3.22,,22.25,
15/01/2019,Visa Purchase                 13Jan Ola Ride Payment     Melbourne,8.40,,13.85,
16/01/2019,Cea Research & D Jd1,,1451.97,1465.82,
18/01/2019,Internet Withdrawal           18Jan11:14 To 805-050 102394008,200.00,,1265.82,
18/01/2019,Internet Withdrawal           18Jan11:15 To 805-050 102394010,1086.52,,179.30,
19/01/2019,Visa Purchase                 18Jan Dbs*Anytime Fitness  Fyshwick,7.50,,171.80,
19/01/2019,Visa Purchase                 18Jan Dbs*Anytime Fitness  Fyshwick,71.80,,100.00,
22/01/2019,Visa Credit                   20Jan Paypal *Google Youtu 402935773,,1.00,101.00,
22/01/2019,Visa Purchase                 20Jan Paypal *Google Youtu 402935773,1.00,,100.00,
23/01/2019,Visa Purchase                 21Jan Paypal *Google Googl 402935773,2.49,,97.51,
23/01/2019,Visa Purchase                 20Jan Paypal *Adobesystem  402935773,14.29,,83.22,
26/01/2019,Visa Purchase                 24Jan Vodafone             North Syd,36.15,,47.07,
29/01/2019,Visa Purchase                 25Jan Ola Ride Payment     Melbourne,16.89,,30.18,
29/01/2019,Visa Purchase                 26Jan Ola Ride Payment     Melbourne,25.53,,4.65,
30/01/2019,Cea Research & D Jd1,,1689.95,1694.60,
02/02/2019,Internet Withdrawal           02Feb00:25 Spending,100.00,,1594.60,
02/02/2019,Internet Withdrawal           02Feb00:25 To 805-050 102394010,1458.70,,135.90,
02/02/2019,Visa Purchase                 01Feb Dbs*Anytime Fitness  Fyshwick,35.90,,100.00,
05/02/2019,Visa Purchase                 02Feb Ola Ride Payment     Melbourne,45.40,,54.60,
08/02/2019,Visa Purchase                 05Feb Paypal *Spotify      353143690,5.99,,48.61,
13/02/2019,Cea Research & D Jd1,,1598.62,1647.23,
16/02/2019,Internet Withdrawal           16Feb07:44 Savings,1511.33,,135.90,
16/02/2019,Visa Purchase                 15Feb Dbs*Anytime Fitness  Fyshwick,35.90,,100.00,
19/02/2019,Visa Purchase                 17Feb Paypal *Crust Pizza  402935773,34.50,,65.50,
22/02/2019,Visa Purchase                 20Feb Paypal *Google Youtu 402935773,14.99,,50.51,
23/02/2019,Visa Purchase                 21Feb Paypal *Google Googl 402935773,2.49,,48.02,
23/02/2019,Visa Purchase                 21Feb Paypal *Adobesystem  402935773,14.29,,33.73,
26/02/2019,Dearing Jackson Phone Bill,,10.00,43.73,
27/02/2019,Cea Research & D Jd1,,1701.50,1745.23,
02/03/2019,Visa Purchase                 01Mar Dbs*Anytime Fitness  Civic,35.90,,1709.33,
02/03/2019,Visa Purchase                 28Feb Paypal *Chemistwh    402935773,51.64,,1657.69,
02/03/2019,Visa Purchase                 28Feb Paypal *Catchofthed  402935773,59.94,,1597.75,
06/03/2019,Cash Deposit,,185.00,1782.75,
08/03/2019,Visa Purchase                 05Mar Paypal *Spotify      353143690,5.99,,1776.76,
14/03/2019,Visa Purchase                 12Mar Adelaide Metro       Adelaide,20.00,,1756.76,
16/03/2019,Visa Purchase                 14Mar Adelaide Metro       Adelaide,15.00,,1741.76,
16/03/2019,Visa Purchase                 15Mar Dbs*Anytime Fitness  Civic,35.90,,1705.86,
23/03/2019,Visa Purchase                 20Mar Paypal *Adobesystem  402935773,14.29,,1691.57,
25/03/2019,Visa Purchase                 21Mar Paypal *Google Googl 402935773,2.49,,1689.08,
26/03/2019,Visa Purchase                 25Mar Vodafone             North Syd,36.15,,1652.93,
27/03/2019,Cea Research & D Jd1,,91.21,1744.14,
28/03/2019,Visa Purchase                 26Mar Adelaide Metro       Adelaide,20.00,,1724.14,
28/03/2019,Visa Purchase                 27Mar Amazon Au            Sydney So,94.99,,1629.15,
30/03/2019,Visa Purchase                 29Mar Dbs*Anytime Fitness  Civic,35.90,,1593.25,
09/04/2019,Visa Purchase                 05Apr Paypal *Spotify      353143690,5.99,,1587.26,
13/04/2019,Visa Purchase                 12Apr Dbs*Anytime Fitness  Civic,35.90,,1551.36,
13/04/2019,Visa Purchase                 11Apr Reading Cinemas      Melbourne,37.50,,1513.86,
13/04/2019,Visa Purchase                 11Apr Adelaide Uni Sports  Adelaide,500.00,,1013.86,
24/04/2019,Ctrlink Yth All 7E1A8140503632098A,,913.20,1927.06,
24/04/2019,Visa Purchase                 21Apr Paypal *Google Googl 402935773,2.49,,1924.57,
24/04/2019,Visa Purchase                 20Apr Paypal *Adobesystem  402935773,14.29,,1910.28,
27/04/2019,Visa Purchase                 26Apr Dbs*Anytime Fitness  Civic,35.90,,1874.38,
29/04/2019,Visa Purchase                 26Apr Vodafone             North Syd,46.15,,1828.23,
30/04/2019,Ctrlink Yth All 7E1A8254503632098A,,299.80,2128.03,
01/05/2019,Visa Purchase                 29Apr Adelaide Metro       Adelaide,40.00,,2088.03,
08/05/2019,Atm Deposit                   08May14:15 Banksa                Adelaide     5  Au,,350.00,2438.03,
08/05/2019,Visa Purchase                 05May Paypal *Spotify      353143690,5.99,,2432.04,
11/05/2019,Visa Purchase                 10May Dbs*Anytime Fitness  Civic,35.90,,2396.14,
13/05/2019,Ctrlink Yth All 7E1A8596503632098A,,304.40,2700.54,
20/05/2019,Visa Purchase                 17May Paypal *Adelaideuni  402935773,50.00,,2650.54,
20/05/2019,Visa Purchase                 17May Paypal *Adelaideuni  402935773,150.00,,2500.54,
21/05/2019,Internet Withdrawal           21May00:32 To 015-010 403410418,10.00,,2490.54,
21/05/2019,Visa Purchase                 18May Olacabs Ride Payment Melbourne,15.32,,2475.22,
21/05/2019,Visa Purchase                 18May Olacabs Ride Payment Melbourne,23.66,,2451.56,
21/05/2019,Visa Purchase                 17May Webjet               Melbourne,275.19,,2176.37,
22/05/2019,Atm Deposit                   22May12:58 Banksa                Adelaide     5  Au,,210.00,2386.37,
23/05/2019,Visa Purchase                 21May Paypal *Google Googl 402935773,2.49,,2383.88,
23/05/2019,Visa Purchase                 20May Paypal *Adobesystem  402935773,14.29,,2369.59,
23/05/2019,Visa Purchase                 21May Adelaide Metro       Adelaide,50.00,,2319.59,
25/05/2019,Visa Purchase                 24May Dbs*Anytime Fitness  Adelaide,35.90,,2283.69,
27/05/2019,Ctrlink Yth All 7E1A8976503632098A,,304.40,2588.09,
27/05/2019,Visa Purchase                 24May Vodafone             North Syd,36.19,,2551.90,
30/05/2019,Visa Purchase                 27May Airbnb * Hmaqdfwqbm  Surry Hil,67.37,,2484.53,
03/06/2019,Visa Purchase                 31May Transportfornsw Opal Chippenda,20.00,,2464.53,
08/06/2019,Visa Purchase                 05Jun Paypal *Spotify      353143690,5.99,,2458.54,
08/06/2019,Visa Purchase                 07Jun Dbs*Anytime Fitness  Adelaide,35.90,,2422.64,
10/06/2019,Ctrlink Yth All 7E1A9356503632098A,,304.40,2727.04,
13/06/2019,Internet Withdrawal           13Jun08:39 To 805-050 102394008,200.00,,2527.04,
17/06/2019,Eftpos Purchase               17Jun16:38 Dental Corporation \/L West Lakes     Au,197.50,,2329.54,
18/06/2019,Visa Purchase                 15Jun Paypal *Google Play  402935773,10.95,,2318.59,
22/06/2019,Visa Purchase                 21Jun Dbs*Anytime Fitness  Adelaide,35.90,,2282.69,
24/06/2019,Ctrlink Newstart 7E1A9736503632098A,,379.40,2662.09,
24/06/2019,Visa Purchase                 20Jun Paypal *Adobesystem  402935773,14.29,,2647.80,
25/06/2019,Visa Purchase                 21Jun Paypal *Google Googl 402935773,2.49,,2645.31,
25/06/2019,Visa Purchase                 24Jun Vodafone             North Syd,36.82,,2608.49,
26/06/2019,Visa Purchase                 23Jun Amazon Au            Sydney So,105.94,,2502.55,
02/07/2019,Eftpos Purchase               02Jul10:10 Specsavers West Lak\West Lakes        Au,439.00,,2063.55,
02/07/2019,Visa Purchase                 29Jun Paypal *Uber Au      402935773,18.75,,2044.80,
04/07/2019,Visa Purchase                 02Jul Westfield West Lakes West Lake,4.00,,2040.80,
05/07/2019,Visa Purchase O/Seas          03Jul Usd13.20 Amazon Web Services,18.90,,2021.90,
05/07/2019,Foreign Currency Conversn Fee,.56,,2021.34,
06/07/2019,Visa Purchase                 05Jul Dbs*Anytime Fitness  Adelaide,35.90,,1985.44,
06/07/2019,Visa Purchase                 04Jul The Push-Up Challeng Wembley,50.00,,1935.44,
08/07/2019,Ctrlink Yth All 7E1A0117503632098A,,304.40,2239.84,
09/07/2019,Visa Purchase                 05Jul Paypal *Spotify      353143690,5.99,,2233.85,
12/07/2019,Ato Ato008000010758506,,1991.25,4225.10,
13/07/2019,Internet Withdrawal           13Jul01:22 Spending,225.10,,4000.00,
16/07/2019,Visa Purchase                 14Jul Caltex Halls Gap     Halls Gap,5.99,,3994.01,
16/07/2019,Visa Purchase                 14Jul Nkd Enterprises Pty  Bordertow,10.20,,3983.81,
16/07/2019,Visa Purchase                 14Jul Lillies & Latte's    Stawell,19.50,,3964.31,
16/07/2019,Visa Purchase                 14Jul Coles Express 1914   Tailem Be,49.29,,3915.02,
17/07/2019,Visa Purchase                 15Jul Greyvenstein Vic Pty Halls Gap,43.34,,3871.68,
18/07/2019,Visa Purchase                 16Jul Caltex Halls Gap     Halls Gap,3.50,,3868.18,
18/07/2019,Visa Purchase                 16Jul Sq *Livefast Cafe    Halls Gap,9.00,,3859.18,
18/07/2019,Visa Purchase                 16Jul Coles Express 1924   West Lake,46.62,,3812.56,
20/07/2019,Visa Purchase                 19Jul Dbs*Anytime Fitness  Adelaide,35.90,,3776.66,
22/07/2019,Ctrlink Yth All 7E1A0497503632098A,,304.40,4081.06,
23/07/2019,Visa Purchase                 20Jul Paypal *Adobesystem  402935773,14.29,,4066.77,
23/07/2019,Visa Purchase                 22Jul Vodafone             North Syd,40.16,,4026.61,
24/07/2019,Visa Purchase                 21Jul Paypal *Google Googl 402935773,2.49,,4024.12,
24/07/2019,Visa Purchase                 22Jul Uni Adl Online Shop  Adleiade,20.00,,4004.12,
25/07/2019,Visa Purchase                 23Jul Uni Adl Online Shop  Adleiade,15.00,,3989.12,
25/07/2019,Visa Purchase                 23Jul Uni Adl Online Shop  Adleiade,15.00,,3974.12,
29/07/2019,Visa Purchase                 26Jul Amazon Australia Ser Melbourne,4.17,,3969.95,
03/08/2019,Visa Purchase                 02Aug Dbs*Anytime Fitness  Adelaide,35.90,,3934.05,
05/08/2019,Ctrlink Yth All 7E1A0877503632098A,,304.40,4238.45,
06/08/2019,Visa Purchase O/Seas          03Aug Usd13.36 Amazon Web Services,19.76,,4218.69,
06/08/2019,Foreign Currency Conversn Fee,.59,,4218.10,
08/08/2019,Visa Purchase                 06Aug Paypal *Ebay Au Gst  402935773,3.99,,4214.11,
08/08/2019,Visa Purchase                 05Aug Paypal *Spotify      353143690,5.99,,4208.12,
08/08/2019,Visa Purchase                 06Aug Paypal *Tarabrown19  402935773,39.89,,4168.23,
09/08/2019,Eftpos Purchase               09Aug11:58 Il Barbiere           Findon       Sa Au,30.00,,4138.23,
10/08/2019,Visa Purchase                 09Aug Mobile Climbing Co   Holden Hi,36.00,,4102.23,
13/08/2019,Visa Purchase                 10Aug Black Bottle Distill Renmark,6.00,,4096.23,
13/08/2019,Visa Purchase                 10Aug Bp Westport 9285     West Croy,42.93,,4053.30,
15/08/2019,Visa Purchase                 14Aug Beyond Bouldering Pl Kent Town,50.00,,4003.30,
16/08/2019,Visa Purchase                 14Aug Bp Stepney 0094      Stepney,27.45,,3975.85,
17/08/2019,Visa Purchase                 16Aug Dbs*Anytime Fitness  Adelaide,35.90,,3939.95,
19/08/2019,Ctrlink Yth All 7E1A1257503632098A,,304.40,4244.35,
20/08/2019,Visa Purchase                 16Aug Caltex Fulham        Fulham Ga,1.00,,4243.35,
22/08/2019,Internet Withdrawal           22Aug09:19 Jacko - Craggs Keg,20.00,,4223.35,
23/08/2019,Visa Purchase                 20Aug Paypal *Adobesystem  402935773,14.29,,4209.06,
23/08/2019,Visa Purchase                 21Aug Amazon Mktplc Au     Sydney So,34.94,,4174.12,
23/08/2019,Visa Purchase                 22Aug Vodafone             North Syd,40.17,,4133.95,
23/08/2019,Visa Purchase                 21Aug Jetstar Air          Paypal Co,122.51,,4011.44,
24/08/2019,Visa Purchase                 21Aug Paypal *Google Googl 402935773,2.49,,4008.95,
27/08/2019,Visa Purchase                 24Aug Olacabs Ride Payment Melbourne,10.52,,3998.43,
27/08/2019,Visa Purchase                 24Aug Olacabs Ride Payment Melbourne,43.80,,3954.63,
27/08/2019,Visa Purchase                 26Aug Jetstar Air Nhdzmm   Mascot,315.88,,3638.75,
28/08/2019,Cash Deposit,,5000.00,8638.75,
28/08/2019,Visa Purchase                 26Aug Paypal *Booking.Com  353143690,210.00,,8428.75,
28/08/2019,Visa Purchase                 26Aug Ustraveldocs.Com - U Sydney,240.00,,8188.75,
30/08/2019,Visa Purchase                 28Aug Airbnb * Hmah8Qspmb  Surry Hil,3218.06,,4970.69,
31/08/2019,Visa Purchase                 30Aug Dbs*Anytime Fitness  Adelaide,35.90,,4934.79,
02/09/2019,Ctrlink Yth All 7E1A1637503632098A,,304.40,5239.19,
02/09/2019,Visa Purchase                 30Aug Paypal *Uber Au      402935773,5.32,,5233.87,
02/09/2019,Visa Purchase                 30Aug Paypal *Uber Au      402935773,6.05,,5227.82,
03/09/2019,Visa Purchase                 31Aug Olacabs Ride Payment Melbourne,43.68,,5184.14,
04/09/2019,Visa Purchase                 02Sep Paypal *Bti Pty Ltd  402935773,19.75,,5164.39,
05/09/2019,Visa Purchase                 03Sep Blackdog.Org.Au      Clovelly,21.50,,5142.89,
05/09/2019,Visa Purchase O/Seas          03Sep Usd21.39 Amazon Web Services,31.99,,5110.90,
05/09/2019,Foreign Currency Conversn Fee,.95,,5109.95,
09/09/2019,Visa Purchase                 05Sep Paypal *Spotify      353143690,11.99,,5097.96,
12/09/2019,Visa Purchase O/Seas          09Sep Usd105.00 Auh Us Consulat Per,153.38,,4944.58,
12/09/2019,Foreign Currency Conversn Fee,4.60,,4939.98,
13/09/2019,Eftpos Debit                  13Sep13:37 Il Barbiere           Findon       Sa Au,30.00,,4909.98,
14/09/2019,Eftpos Debit                  14Sep15:21 Travelex Ltd       \West Lakes        Au,3108.18,,1801.80,
14/09/2019,Visa Purchase                 13Sep Dbs*Anytime Fitness  Adelaide,35.90,,1765.90,
16/09/2019,Ctrlink Yth All 7E1A2017503632098A,,304.40,2070.30,
16/09/2019,Visa Purchase                 13Sep Patio Coffee Roaster Glandore,9.50,,2060.80,
16/09/2019,Visa Purchase                 13Sep Carmine And Co       Port Adel,81.40,,1979.40,
16/09/2019,Visa Purchase                 13Sep Air New Zealand - On Sydney,1122.45,,856.95,
17/09/2019,Ctrlink Yth All 7E1A2055503632098A,,43.83,900.78,
17/09/2019,Visa Purchase                 14Sep Paradise Hotel       Paradise,14.00,,886.78,
17/09/2019,Visa Purchase                 13Sep Connor Clothing Pty  Westlakes,51.99,,834.79,
19/09/2019,Visa Purchase                 16Sep Paypal *Lyft Ride Mo 402935773,3.04,,831.75,
19/09/2019,Visa Purchase                 16Sep Paypal *Lyft Ride Mo 402935773,6.15,,825.60,
19/09/2019,Visa Purchase                 16Sep Paypal *Pending      402935773,7.86,,817.74,
19/09/2019,Visa Purchase                 16Sep Paypal *Pending      402935773,13.51,,804.23,
19/09/2019,Visa Purchase                 16Sep Paypal *Pending      402935773,41.03,,763.20,
20/09/2019,Visa Purchase                 18Sep Paypal *Lyft Scooter 402935773,4.71,,758.49,
20/09/2019,Visa Purchase                 17Sep Paypal *Pending      402935773,6.14,,752.35,
20/09/2019,Visa Purchase                 17Sep Paypal *Pending      402935773,6.20,,746.15,
20/09/2019,Visa Purchase                 17Sep Paypal *Pending      402935773,6.56,,739.59,
20/09/2019,Visa Purchase                 18Sep Paypal *Pending      402935773,6.57,,733.02,
20/09/2019,Visa Purchase                 17Sep Paypal *Pending      402935773,6.63,,726.39,
21/09/2019,Visa Purchase                 19Sep Paypal *Lyft Ride Th 402935773,6.73,,719.66,
21/09/2019,Visa Purchase                 18Sep Paypal *Lyft Scooter 402935773,6.88,,712.78,
21/09/2019,Visa Purchase                 18Sep Paypal *Lyft Ride We 402935773,6.94,,705.84,
21/09/2019,Visa Purchase                 18Sep Paypal *Lyft Scooter 402935773,7.37,,698.47,
21/09/2019,Visa Purchase                 18Sep Paypal *Pending      402935773,27.37,,671.10,
21/09/2019,Visa Purchase                 19Sep Paypal *Pending      402935773,33.63,,637.47,
21/09/2019,Visa Purchase                 18Sep Paypal *Pending      402935773,34.62,,602.85,
23/09/2019,Visa Purchase                 20Sep Paypal *Lyft Ride Th 402935773,3.07,,599.78,
23/09/2019,Visa Purchase                 19Sep Paypal *Pending      402935773,8.85,,590.93,
23/09/2019,Visa Purchase                 20Sep Paypal *Pending      402935773,10.95,,579.98,
23/09/2019,Visa Purchase                 20Sep Paypal *Pending      402935773,10.97,,569.01,
24/09/2019,Visa Purchase                 21Sep Paypal *Google Googl 402935773,2.49,,566.52,
24/09/2019,Visa Purchase                 21Sep Paypal *Lyft Ride Sa 402935773,4.62,,561.90,
24/09/2019,Visa Purchase                 21Sep Paypal *Pending      402935773,9.44,,552.46,
24/09/2019,Visa Purchase                 21Sep Paypal *Pending      402935773,10.09,,542.37,
24/09/2019,Visa Purchase                 21Sep Paypal *Pending      402935773,10.37,,532.00,
24/09/2019,Visa Purchase                 21Sep Paypal *Pending      402935773,10.51,,521.49,
24/09/2019,Visa Purchase                 21Sep Paypal *Pending      402935773,11.92,,509.57,
24/09/2019,Visa Purchase                 23Sep Vodafone             North Syd,40.17,,469.40,
27/09/2019,Visa Purchase                 25Sep Paypal *Lyft Ride We 402935773,4.62,,464.78,
27/09/2019,Visa Purchase                 25Sep Paypal *Pending      402935773,11.58,,453.20,
28/09/2019,Visa Purchase                 27Sep Dbs*Anytime Fitness  Adelaide,35.90,,417.30,
30/09/2019,Visa Purchase O/Seas          26Sep Usd4.51 Fedex Offic515000515,6.69,,410.61,
30/09/2019,Foreign Currency Conversn Fee,.20,,410.41,
01/10/2019,Visa Purchase                 27Sep Paypal *Pending      402935773,11.16,,399.25,
03/10/2019,Visa Purchase                 30Sep Paypal *Pending      402935773,16.59,,382.66,
03/10/2019,Visa Purchase                 30Sep Paypal *Pending      402935773,24.03,,358.63,
04/10/2019,Visa Purchase O/Seas          03Oct Usd9.35 Amazon Web Services,14.02,,344.61,
04/10/2019,Foreign Currency Conversn Fee,.42,,344.19,
04/10/2019,Visa Purchase                 01Oct Paypal *Pending      402935773,18.46,,325.73,
04/10/2019,Visa Purchase                 01Oct Paypal *Pending      402935773,20.03,,305.70,
08/10/2019,Visa Purchase                 05Oct Paypal *Spotify      353143690,11.99,,293.71,
09/10/2019,Visa Purchase                 06Oct Paypal *Pending      402935773,16.12,,277.59,
15/10/2019,Visa Purchase                 12Oct Paypal *Pending      402935773,16.46,,261.13,
24/10/2019,Visa Purchase                 21Oct Paypal *Google Googl 402935773,2.49,,258.64,
24/10/2019,Visa Purchase                 23Oct Vodafone             North Syd,49.50,,209.14,
29/10/2019,Visa Purchase O/Seas          26Oct Usd12.99 Amazon Prime,19.08,,190.06,
29/10/2019,Foreign Currency Conversn Fee,.57,,189.49,
05/11/2019,Visa Purchase O/Seas          03Nov Usd9.97 Amazon Web Services,14.49,,175.00,
05/11/2019,Foreign Currency Conversn Fee,.43,,174.57,
08/11/2019,Visa Purchase                 05Nov Paypal *Spotify      353143690,11.99,,162.58,
