Details,Posting Date,Description,Amount,Type,Balance,Check or Slip #
CREDIT,11/15/2019,"GOOGLE LLC       PAYROLL                    PPD ID: J770493581",2634.68,ACH_CREDIT,12473.85,,
DEBIT,11/13/2019,"AIRBNB  HMAQPY3XA5 AIRBNB.COM CA             11/13",-230.67,DEBIT_CARD,9839.17,,
DEBIT,11/12/2019,"SQ *ONSITE HAIRCUTS gosq.com CA              11/11",-30.00,DEBIT_CARD,10069.84,,
DEBIT,11/12/2019,"ALASKA AIR  02721464195 SEATTLE WA           11/10",-118.30,DEBIT_CARD,10099.84,,
DEBIT,11/12/2019,"SABELLA & LATORRE SAN FRANCISCO CA           11/10",-5.97,DEBIT_CARD,10218.14,,
DEBIT,11/12/2019,"THE CREPE CAFE - JEF SAN FRANCISCO CA        11/10",-22.46,DEBIT_CARD,10224.11,,
DEBIT,11/12/2019,"PATAGONIA #00003 SAN FRANCISCO CA            11/10",-48.83,DEBIT_CARD,10246.57,,
DEBIT,11/12/2019,"THE NORTH FACE 1 SAN FRANCISCO CA            11/10",-27.13,DEBIT_CARD,10295.40,,
DEBIT,11/12/2019,"APPLE STORE  #R075 3 SAN FRANCISCO CA        11/10",-270.17,DEBIT_CARD,10322.53,,
DEBIT,11/12/2019,"OLYMPUS CAFFE AND BA MOUNTAIN VIEW CA        11/10",-4.00,DEBIT_CARD,10592.70,,
DEBIT,11/05/2019,"CLIPPER #3014 SAN FRANCISCO CA               11/03",-50.00,DEBIT_CARD,10596.70,,
DEBIT,11/05/2019,"SABELLA & LATORRE SAN FRANCISCO CA           11/03",-16.72,DEBIT_CARD,10646.70,,
DEBIT,11/04/2019,"AUNT FANNY'S CART SAN FRANCISCO CA           11/03",-5.75,DEBIT_CARD,10663.42,,
DEBIT,11/04/2019,"SAFEWAY #3403 MOUNTAIN VIEW CA               11/03",-30.56,DEBIT_CARD,10669.17,,
DEBIT,11/04/2019,"SAFEWAY #3403 MOUNTAIN VIEW CA               11/02",-10.98,DEBIT_CARD,10699.73,,
DEBIT,11/01/2019,"PAYPAL *ACHANDR 402-935-7733 CA              11/01",-9.72,DEBIT_CARD,10710.71,,
CREDIT,11/01/2019,"GOOGLE LLC       PAYROLL                    PPD ID: J770493581",2634.68,ACH_CREDIT,10720.43,,
DEBIT,10/31/2019,"LYFT   *RIDE MON 10PM lyft.com CA            10/30",-8.85,DEBIT_CARD,8085.75,,
CREDIT,10/29/2019,"$100 for New Checking",100.00,MISC_CREDIT,8094.60,,
DEBIT,10/28/2019,"AMZN Mktp US*E58D44Y Amzn.com/bill WA        10/28",-8.70,DEBIT_CARD,7994.60,,
DEBIT,10/28/2019,"WHOLEFDS LAT 101 4800 LOS ALTOS CA   636066  10/27",-14.96,DEBIT_CARD,8003.30,,
DEBIT,10/28/2019,"WHOLEFDS LAT 101 4800 LOS ALTOS CA   564303  10/26",-99.83,DEBIT_CARD,8018.26,,
DEBIT,10/28/2019,"PAYPAL *ANG66 402-935-7733 CA                10/27",-32.58,DEBIT_CARD,8118.09,,
DEBIT,10/28/2019,"SAFEWAY #3403 MOUNTAIN VIEW CA               10/26",-5.77,DEBIT_CARD,8150.67,,
DEBIT,10/25/2019,"AIRBNB  HMAH8QSPMB AIRBNB.COM CA             10/25",-1914.14,DEBIT_CARD,8156.44,,
DEBIT,10/21/2019,"VEGGIE GRILL MTV MOUNTAIN VIEW CA            10/20",-23.60,DEBIT_CARD,10070.58,,
DEBIT,10/21/2019,"WHOLEFDS LAT 101 4800 LOS ALTOS CA   656463  10/20",-10.97,DEBIT_CARD,10094.18,,
DEBIT,10/21/2019,"WAL-MART #2280 MOUNTAIN VIEW CA              10/20",-21.48,DEBIT_CARD,10105.15,,
DEBIT,10/21/2019,"GELATO CLASSICO ITAL MOUNTAIN VIEW CA        10/21",-3.00,DEBIT_CARD,10126.63,,
DEBIT,10/21/2019,"SQ *SCHLETEWITZ FAMILY Sanger CA             10/20",-6.50,DEBIT_CARD,10129.63,,
DEBIT,10/21/2019,"PANERA BREAD #202225 SAN FRANCISCO CA        10/19",-10.20,DEBIT_CARD,10136.13,,
DEBIT,10/21/2019,"BARSOTTI BROTHERS INC W SACRAMENTO CA        10/19",-1.99,DEBIT_CARD,10146.33,,
DEBIT,10/21/2019,"TST* GRACIAS MADRE - SAN FRANCISCO CA        10/20",-35.81,DEBIT_CARD,10148.32,,
DEBIT,10/21/2019,"TMOBILE*PREPAID WEB 877-778-2106 WA          10/20",-10.90,DEBIT_CARD,10184.13,,
DEBIT,10/21/2019,"SEAGLASS MANAGEMENT SAN FRANCISCO CA         10/19",-9.11,DEBIT_CARD,10195.03,,
DEBIT,10/21/2019,"THE EXPLORATORIUM SAN FRANCISCO CA           10/19",-5.00,DEBIT_CARD,10204.14,,
DEBIT,10/21/2019,"MCEVOY RANCH PETALUMA CA                     10/20",-27.13,DEBIT_CARD,10209.14,,
DEBIT,10/21/2019,"SQ *BLUE BOTTLE COFF San Francisco CA        10/19",-5.16,DEBIT_CARD,10236.27,,
DEBIT,10/21/2019,"TMOBILE*PREPAID WEB 877-778-2106 WA          10/19",-43.60,DEBIT_CARD,10241.43,,
DEBIT,10/21/2019,"GOOGLE 540-3890014 VA                        10/19",-41.97,DEBIT_CARD,10285.03,,
CREDIT,10/18/2019,"GOOGLE LLC       PAYROLL                    PPD ID: J770493581",2634.68,ACH_CREDIT,10327.00,,
CREDIT,10/18/2019,"GOOGLE LLC       PAYROLL                    PPD ID: J770493581",7344.70,ACH_CREDIT,7692.32,,
DEBIT,10/17/2019,"LYFT   *RIDE MON 9PM lyft.com CA             10/16",-9.40,DEBIT_CARD,347.62,,
DEBIT,10/15/2019,"CRAB STATION AT FISH SAN FRANCISCO CA        10/13",-13.29,DEBIT_CARD,357.02,,
DEBIT,10/15/2019,"WHOLEFDS LAT 101 4800 LOS ALTOS CA   828304  10/12",-59.78,DEBIT_CARD,370.31,,
DEBIT,10/15/2019,"TRADER JOE'S #081  QP MOUNTAINVIEW CA        10/12",-0.98,DEBIT_CARD,430.09,,
DEBIT,10/15/2019,"WITHDRAWAL 10/15",-23.00,MISC_DEBIT,431.07,,
DEBIT,10/10/2019,"GOOGLE *YouTube Vide g.co/helppay# CA        10/10",-3.99,DEBIT_CARD,454.07,,
DEBIT,10/07/2019,"WAL-MART  Wal-Mart S MOUNTAIN VIEW CA        10/06",-21.94,DEBIT_CARD,458.06,,
CREDIT,10/07/2019,"ATM CASH DEPOSIT 10/06 2510 W EL CAMINO REAL MOUNTAIN VIEW CA",480.00,ATM,480.00,,
